3054 5312
657 269 800 355 (σε),

189 455 312 520 Ibidem
336 477 381 519 vs.
409 455 450 518 51
473 476 558 540 sqq.:

187 597 289 688 Aer,
313 596 352 667 εἰ
369 596 443 692 γάρ
466 593 500 666 κ’
526 591 670 678 ἐθελοις
695 589 783 678 ἕδος
807 595 972 688 ε”μμεναι
996 589 1080 680 υἷος
1106 596 1227 688 ἐμοῖο,

139 709 295 802 Φοίβου
321 705 571 789 Ἀπόλλωνος,
597 709 753 800 θέσθαι
771 707 802 774 τ’
828 707 888 780 ε’νὶ
911 710 1030 780 πίονα
1056 709 1160 794 νηόν,
1185 749 1232 762 -

137 819 252 892 ίέλλο
261 846 283 903 ς
308 814 344 891 δ’
367 819 475 900 οὔτις
500 818 579 889 σεῖό
602 821 692 888 ποθ’
717 817 858 905 ἅψεται
883 812 975 889 ου’δέ
1000 844 1040 890 σε
1064 831 1171 903 τίσει,

138 925 220 1004 ov'd'
244 929 371 1021 εὔβων
395 933 440 1000 σε’
459 928 526 1024 (γ’)
551 927 711 1001 ἔσεσθαι
736 925 875 1020 ὀΐομαι
899 930 978 1001 οὔτ’
1003 928 1173 1023 ὲόμηλον,
1279 935 1285 946 ’

135 1037 225 1114 οὐδὲ
247 1043 387 1138 τρύγην
411 1045 544 1125 οἴσεις,
569 1040 648 1114 οὔτ’
671 1039 721 1136 όὲρ
746 1041 848 1132 <perd
869 1045 991 1133 μυρία
1015 1045 1161 1132 φύσεις.

136 1151 185 1224 αἰ
205 1148 251 1225 (λε’
269 1157 301 1225 κ’
329 1149 568 1233 ’Λπόλλωνος
593 1149 773 1245 ἑκαέργου
797 1151 889 1236 νηὸν
912 1149 1081 1247 ἔχῃσθα,

136 1265 385 1360 ἄνθρωποί
404 1289 477 1334 τοι
500 1263 666 1346 πάντες
691 1261 956 1358 α’γινήσουσ’
982 1262 1244 1356 ἑκατόμβας

132 1372 269 1450 ἐνθάδ’
292 1375 544 1472 ἀγειρόμενοι,
569 1378 683 1461 κνίση
707 1369 754 1446 δέ
773 1400 835 1445 τοι
857 1374 1021 1459 ἄσπετος
1045 1375 1121 1447 αιέλ

132 1481 275 1580 δημοῦ
300 1485 494 1576 ἀναΐξει,
519 1485 770 1576 βοσκήσεις
793 1485 887 1556 θὀἵ
907 1512 952 1559 κε
976 1494 1010 1559 σ’
1035 1488 1211 1583 ε”χωσιν

129 1600 264 1696 χειρὸς
287 1598 348 1671 ἀπ’
373 1597 583 1692 ἀλλοτρίης,
608 1595 682 1668 ἐπεὶ
709 1598 753 1668 οὔ
777 1623 839 1668 τοι
863 1609 956 1694 πῖαρ
979 1599 1040 1671 ὑπ’
1066 1589 1196 1682 οὖδας.

177 1822 417 1891 Paenulbimum
441 1845 579 1902 versum,
604 1825 718 1890 misere
739 1825 887 1889 habitum
907 1826 943 1890 iu
968 1826 1130 1893 codicibus
1147 1820 1279 1920 (δηρὸν

137 1933 236 2018 ἄναξ
259 1931 291 2002 εὶ
315 1931 481 2022 βόσκοις
510 1934 601 2003 θεοί
624 1935 669 2002 κε’
701 1931 736 2002 σ’
762 1932 926 2026 ἔχωσιν)
956 1937 1028 2002 dedi
1053 1961 1092 2004 ex
1115 1941 1281 2026 splendida

143 2048 358 2113 emendabione
393 2044 508 2111 Oobebi
538 2047 575 2111 in
596 2045 805 2131 Mnemosyne
830 2069 859 2110 a.
886 2047 988 2126 1861,
1012 2072 1042 2134 p.
1071 2053 1137 2118 333
1162 2074 1281 2138 propo.
1355 2057 1357 2062 ·
1417 2047 1419 2052 '

136 2158 206 2239 sita,
229 2182 327 2246 quam
350 2159 451 2225 miror
468 2180 509 2224 ue
535 2157 773 2224 commemorari
796 2158 968 2243 quideme
991 2158 1223 2230 Boumeisbero.

184 2271 252 2339 Nec
274 2277 384 2338 bamen
406 2277 513 2339 bobum
535 2273 642 2337 locum
666 2271 875 2354 personatum
898 2293 966 2337 esse
991 2275 1188 2343 crediderim.
1216 2279 1282 2345 Vix

137 2385 221 2449 enim
243 2383 378 2463 lebona,
402 2406 484 2471 quae
507 2383 558 2450 his
582 2382 689 2448 verbis
709 2380 827 2446 Delum
849 2382 1037 2469 alloquibur,
1050 2387 1085 2451 id
1096 2389 1281 2474 siguificare

136 2496 247 2575 voluit,
272 2497 358 2583 quod
390 2495 553 2580 expectari
576 2494 617 2558 ab
641 2492 759 2577 exigua
782 2493 889 2557 insuia
912 2489 1162 2588 κραναηπέδῳ
1186 2502 1278 2566 nullo

134 2607 205 2672 iure
228 2610 363 2691 pobera'c,
388 2606 516 2701 nullum
539 2605 639 2670 elium
662 2603 767 2668 Deum
791 2625 861 2668 eam
885 2626 1037 2690 umquam
1064 2609 1225 2676 adituram
1248 2617 1282 2678 et

130 2719 362 2785 honoraburam
392 2741 471 2797 esse,
504 2717 559 2782 sed
590 2720 678 2781 bobus
710 2719 742 2780 eb
770 2715 926 2781 orobionis
962 2722 994 2783 et
1018 2723 1165 2805 responsi
1188 2727 1281 2790 tenor

130 2855 198 2900 non
221 2833 328 2897 minus
352 2855 448 2918 quam
471 2831 541 2914 ipsa
565 2828 724 2914 oppositio
748 2849 793 2892 vs.
823 2827 865 2892 56
879 2850 946 2914 sqq.
962 2852 999 2896 eo
1012 2832 1127 2898 ducere
1140 2836 1279 2917 videtur,

130 2951 168 3010 ub
193 2946 283 3010 deam
306 2945 367 3009 hoc
390 2944 496 3008 dicere
519 2941 748 3018 existimemus,
775 2938 802 3002 si
827 2937 924 3004 Delos
948 2941 1008 3006 filii
1032 2944 1082 3008 sui
1107 2946 1195 3012 sedes
1208 2971 1275 3015 esse

132 3057 340 3134 recusaverit,
365 3057 525 3121 nemiuem
548 3074 701 3138 umquam
726 3051 925 3138 (morbalem)
950 3053 991 3117 ad
1010 3054 1279 3126 insulamhucus-

132 3192 195 3253 que
219 3169 376 3234 desertam
410 3189 469 3232 nec
501 3166 653 3251 gregibus
689 3185 792 3246 neque
815 3163 889 3247 agri
912 3185 971 3229 nec
995 3166 1111 3232 vitium
1134 3171 1279 3240 culturae

134 3283 243 3366 apbam
279 3279 490 3365 appulsurum
525 3299 628 3361 neque
664 3297 733 3340 eam
767 3274 889 3339 honore
920 3280 1167 3359 prosecuturum
1198 3305 1277 3364 esse,

104 3456 109 3469 ,
135 3391 297 3458 contraria
320 3390 428 3455 omnia
460 3389 647 3475 pollicitam,
672 3387 700 3452 si
723 3385 851 3470 quando
876 3385 1096 3454 Arciteneubis
1120 3395 1276 3479 bemplum

135 3504 292 3570 babuerit.

178 3615 261 3680 Vide
284 3613 441 3698 imprimis
467 3613 510 3677 64
535 3633 580 3696 sq.
607 3609 664 3674 ubi
687 3607 784 3674 Delos
807 3609 991 3692 respoudeb:

410 3738 532 3819 αἰνῶς
557 3737 630 3830 γοὲρ
655 3732 844 3826 ἐτήτυμόν
867 3735 948 3827 εἰμι
972 3730 1146 3832 δυσηχὴς

203 3846 406 3947 α’νὸρόισιν·
433 3836 503 3920 ὧδε
528 3841 574 3918 δέ
594 3871 657 3918 κεν
682 3851 953 3940 περιτιμήεσσα
977 3855 1168 3944 γενοίμην.

183 3985 271 4052 Haec
293 3985 396 4070 igitur
419 4005 469 4048 me
500 3984 630 4047 moveub
665 3981 702 4042 ub
726 3979 869 4062 suspicer
892 3984 1091 4049 vebusborum
1115 3991 1275 4075 exempla.

135 4099 220 4163 rium
242 4096 412 4162 lectionem
436 4085 612 4160 ΑΛΛΟΟ
631 4110 697 4154 non
717 4110 774 4172 per
799 4089 990 4155 adiectivum
1014 4090 1129 4175 ἄλλος
1153 4100 1208 4164 sed
1219 4122 1276 4184 per

137 4209 323 4275 adverbium
346 4201 470 4284 ἄλλως
493 4205 591 4270 fuisse
610 4202 888 4284 interpretandam
900 4205 1102 4290 adscriptum
1114 4214 1273 4294 oportere:

184 4347 329 4438 ἄλλφς
354 4340 388 4415 δ’
414 4346 523 4428 οότις
549 4342 629 4414 σεῖό
652 4340 745 4413 ποθ’
770 4339 910 4430 ἅψεται
936 4336 1026 4415 οόὸέ
1046 4370 1086 4417 σε
1109 4351 1206 4419 τίσει

5 4453 7 4462 ¹
139 4484 159 4546 i.
186 4503 212 4546 e.
239 4481 365 4566 alioqui,
398 4478 436 4542 de
467 4498 530 4562 quo
563 4474 709 4541 vocabuli
740 4495 801 4537 usu
825 4473 863 4538 cf.
890 4471 985 4539 Hom.
1016 4476 1053 4555 Y,
1080 4478 1133 4558 99,
1159 4479 1216 4546 Od.
1244 4506 1276 4565 ο,

140 4592 220 4670 513,
233 4591 274 4655 al.
300 4586 498 4655 Correcbioni
522 4608 587 4652 non
612 4585 739 4650 obstare
763 4606 808 4649 vs.
836 4585 878 4649 88
899 4584 1015 4651 vixesb
1025 4587 1110 4671 quod
1123 4609 1277 4662 moneam.

1111 4697 1151 4764 5*
