3054 5312
650 287 773 380 (49)

180 473 227 546 At
249 500 321 545 sues
345 479 508 545 cubabant
530 478 567 542 in
590 480 673 545 aule.
700 479 747 546 Of.
774 481 842 546 410
866 504 935 568 sqq.
956 483 989 546 et
1014 502 1036 548 ο
1060 481 1140 562 355,
1153 482 1285 550 nonunt

136 612 210 654 αισα
230 613 318 677 rupe.
344 589 464 655 Versus
487 589 622 656 fortusse
645 595 693 656 est
716 592 844 677 spurius
872 592 1000 658 additus
1023 592 1065 657 sb
1089 615 1125 658 eo
1148 595 1284 680 quinon

136 699 335 786 intellegeret
359 723 398 766 ex
429 700 551 780 κείων,
576 702 674 767 verbo
698 703 920 782 desiderativo,
944 708 1052 770 mente
1076 708 1284 790 repetendum

133 832 200 876 esse
223 815 363 880 κείατο.
400 811 462 878 Sed
477 814 630 899 ‚quisquis
654 815 848 880 versiculum
872 815 1005 893 addidit,
1030 837 1096 880 non
1120 817 1284 902 scripsisse

133 922 270 1001 videtur,
297 913 383 1010 quod
414 946 508 989 nemo
539 925 711 1010 intellegit,
746 921 807 994 ὑπ’
833 922 924 1018 ἰωγῇ
948 927 999 992 vel
1023 922 1166 1019 ὑπιωγῇ
1192 930 1283 1014 (nem

133 1033 170 1099 de
201 1034 339 1101 lectione
373 1057 440 1099 non
473 1037 642 1100 constabat
671 1036 757 1102 inter
780 1036 1017 1102 Alexandrinos
1041 1041 1073 1102 et
1098 1031 1190 1128 ι’ωγη
1215 1059 1283 1103 esse

134 1143 249 1229 σκέπη
273 1169 394 1211 vanum
412 1149 462 1212 est
485 1149 658 1213 eorundem
682 1149 922 1236 commentum),
948 1150 1003 1213 sed
1026 1148 1148 1234 potius:

247 1293 359 1384 πέτρη
383 1291 456 1362 ὑπο
481 1289 653 1386 γλαφυρῇ
677 1278 792 1364 εὗδον
816 1291 943 1388 βορέω
968 1291 1150 1380 ἀπ’ἰωῆς

130 1465 151 1529 i.
165 1487 192 1530 e.
219 1477 352 1531 remotae
388 1491 408 1530 a
444 1465 565 1532 Boreae
595 1467 689 1555 flatu.
729 1467 776 1532 Of.
807 1467 841 1533 A
865 1469 944 1546 276,
969 1464 1008 1532 Λ
1033 1469 1109 1532 308.
1159 1466 1280 1532 Similis

132 1597 219 1640 error
243 1597 357 1641 ensem
380 1576 468 1642 dedit
491 1577 710 1663 ineptissimae
733 1577 976 1664 interpolationi
1001 1568 1025 1644 ὃ
1050 1578 1131 1643 204:

152 1731 182 1812 ὦ
207 1742 300 1832 φίλ’,
326 1740 401 1815 ἐπεὶ
424 1745 523 1815 τόσα
549 1749 697 1828 εεὶπες
722 1745 782 1816 ὅσ’
808 1746 857 1817 ἄν
882 1751 1116 1837 πεπνυμένος
1140 1745 1246 1842 ἀνὴρ·

154 1855 271 1943 [εἴποι
295 1854 372 1925 καὶ
397 1853 544 1947 ῥέξειε,
568 1857 638 1928 καὶ
663 1857 707 1939 ὃς
732 1860 997 1952 προγενέςερος
1021 1857 1104 1944 εὶή],

129 2023 186 2086 ubi
216 2023 424 2108 impostorem
456 2025 565 2108 arguit
602 2024 776 2087 absurdum
800 2024 1056 2089 additamentum
1081 2020 1149 2091 καὶ
1173 2021 1283 2110 ῥέξειε

131 2133 171 2198 sd
195 2134 390 2220 explendum
412 2157 540 2200 versum
563 2135 787 2200 necessarium.

175 2397 206 2454 ο,
223 2377 304 2475 198:
319 2365 382 2458 ἥδε
395 2365 525 2455 δ’ὁδὸς
537 2370 766 2462 καί-μᾶλλον
780 2369 1100 2466 ὁμοφροσύνῃσιν
1114 2369 1277 2457 ἐνήσει.

174 2485 352 2572 Aliquanto
383 2485 501 2550 reetius
534 2486 632 2551 eodex
666 2485 811 2551 Venetus
846 2479 981 2568 ένηκε,
1013 2485 1098 2570 quod
1129 2483 1180 2548 vel
1205 2506 1281 2548 eon-

128 2596 248 2663 ieeture
271 2597 377 2662 fuerat
400 2597 644 2662 restituendum.

175 2863 211 2918 π,
237 2839 320 2902 213:
348 2819 400 2915 ὧς
425 2831 510 2927 ἄρα
534 2837 717 2922 φωνήσας
742 2836 823 2903 κατ’
849 2831 914 2926 ἄρ’
940 2833 1051 2917 ἕζετο.
1086 2921 1087 2926 ¹

177 2949 309 3016 Rectius
333 2949 474 3014 videtur:

362 3079 414 3172 ὧς
439 3089 511 3184 ὅγε
535 3091 719 3178 φωνήσας
743 3092 828 3159 κατ’
852 3087 916 3182 ἄρ’
942 3089 1054 3194 ἕζετο,

132 3246 308 3332 allegitur
331 3242 368 3309 A
392 3243 448 3322 68,
471 3238 508 3308 Β
535 3242 589 3321 τε,
615 3242 707 3308 auu:

314 3380 335 3475 ἦ
360 3411 422 3458 τοι
447 3384 510 3480 ὅγ’
536 3370 589 3466 ὧς
614 3381 757 3456 τειπὼν
780 3385 866 3454 κατ’
890 3379 950 3475 ἄρ’
971 3382 1089 3468 -ἔζετο,

231 3619 313 3689 118:

131 3645 223 3818 ἔνλλ’
249 3739 352 3817 ἴδον
372 3743 575 3838 Ἀργεΐην
600 3742 790 3827 Ἑλένην,
816 3730 860 3825 ἧς
894 3736 1019 3809 εἵνεκα
1044 3731 1175 3806 πολλοὶ
1200 3732 1276 3806 κτὲ.

175 3895 455 3983 Ήειιεροεαεσίωι

291 4037 388 4111 ἔνθ’
414 4035 596 4122 Ἑλένην
622 4027 757 4104 σι’δον
778 4025 985 4125 Ἀργεΐην
1008 4024 1081 4097 κτὲ.

177 4307 208 4375 ρ,
242 4283 325 4349 316:
359 4275 581 4368 βένθεσιν
614 4272 715 4360 ὕλης.
752 4269 998 4338 Substantivum
1027 4261 1177 4350 βένθος
1202 4262 1281 4329 elib'r

131 4379 314 4460 coustanter
337 4394 376 4458 de
400 4392 468 4457 sole
493 4414 576 4477 uque
589 4388 772 4472 usurpetur.
799 4381 903 4458 Quare
915 4379 1011 4462 longe
1024 4381 1072 4441 est
1087 4375 1284 4461 probabilior

130 4505 223 4572 lectio
264 4510 440 4572 memorate
481 4528 500 4568 ε
536 4503 715 4568 Scholiasta
758 4492 997 4584 τάρφεσιν,
1032 4507 1130 4572 quem
1164 4488 1285 4571 reeepit

132 4615 340 4684 Duentzerus.

1144 4731 1160 4777 ι
