3054 5312
761 283 882 368 (8⁰)

247 469 333 534 enim
369 469 548 534 notandum
583 470 619 534 in
644 468 837 555 praegressis
860 467 941 532 nibil
965 469 1079 531 dietum
1104 489 1165 532 eree
1189 469 1272 533 uude
1295 492 1397 554 uppu-

247 593 325 659 reat,
350 580 436 665 quod
460 581 551 645 doeet
576 602 634 645 nos
659 578 767 644 Ovidii
791 579 827 644 in
852 577 1064 662 Metamorph.
1090 577 1163 642 libr.
1179 577 1232 642 ΙΙΙ
1243 580 1397 658 narratio,

241 694 420 777 pampineis
451 692 514 756 iilia
545 693 633 754 neseio
670 714 791 753 narsum
817 691 973 774 impediri.
1011 687 1086 773 Ipse
1110 692 1219 753 autem
1242 690 1398 754 miracula

247 822 313 867 non
349 805 442 865 erant
476 801 636 886 graviora,
670 823 768 884 quam
803 801 837 865 id
872 800 959 884 quod
992 799 1087 864 initio
1111 799 1234 864 fautum
1258 804 1337 880 erat,
1362 806 1399 866 ut

246 912 376 977 vincula
412 912 522 977 iuveni
561 910 754 977 deciderent.
794 909 863 976 Nee
893 932 940 975 vs.
980 912 1022 976 37
1061 911 1256 991 deterrere,
1281 913 1399 977 sedde

246 1025 376 1107 stupore
400 1021 598 1107 praedonum
622 1043 724 1085 sermo
748 1023 806 1085 est.
833 1018 982 1085 Crederes
1006 1021 1114 1105 potius
1142 1003 1399 1087 eosinitioleeto

248 1132 316 1198 vini
351 1136 383 1197 et
420 1154 557 1198 uvarum
593 1136 724 1217 aspectu
756 1131 883 1216 gavisos
907 1131 1016 1211 fuisse,
1041 1153 1116 1196 mox
1149 1154 1235 1210 vero,
1260 1132 1317 1197 ubi
1340 1155 1399 1198 na-

248 1265 320 1309 vem
355 1245 458 1329 magis
494 1244 661 1329 magisque
692 1243 841 1328 impediri
874 1243 1042 1321 senserint,
1067 1243 1275 1326 gubernatori
1299 1244 1399 1329 impe·

248 1377 334 1421 rasse
358 1359 396 1420 ut
419 1377 535 1422 navem
559 1356 741 1441 appelleret.
769 1353 821 1420 Itu
840 1357 946 1442 potuit
970 1353 1082 1418 fuisse:

826 1494 867 1558 οἱ
891 1481 932 1558 δὲ
959 1481 1110 1570 ἰδόντες

343 1601 619 1674 MEIAHCAN
640 1651 1256 1669 ..................

349 1715 436 1800 (aaa
459 1709 673 1802 πάλιν)τότ’
698 1706 823 1779 iberra
848 1707 1086 1803 κυβερνήτην
1112 1705 1284 1781 ἐκέλευον

343 1833 388 1916 γη
414 1820 559 1893 πελάαν

249 1962 307 2023 aut
330 1957 508 2048 γήθησαν
533 1958 571 2022 ol.
598 1956 718 2043 Hymn.
745 1955 886 2036 XXXII,
913 1957 956 2021 16
981 1979 1027 2042 sq.
1052 1955 1113 2022 Sed
1137 1959 1212 2022 nolo
1236 1956 1376 2024 ariolari.

298 2177 423 2247 Ibidem
447 2198 491 2242 vs.
504 2227 506 2230 -
520 2176 580 2242 35:

298 2316 406 2402 οἶνος
429 2319 503 2412 μὲν
528 2319 702 2412 πρώτιςά
729 2319 827 2404 θοὴν
852 2317 929 2389 daei
953 2327 1028 2407 νῆα
1053 2318 1250 2408 μέλαιναν

297 2427 484 2519 ηδάττοτος
508 2427 679 2521 κελάρυζ’
705 2421 884 2514 berroea,
909 2428 1055 2522 ὤρνυτο
1080 2423 1217 2522 δ’ὁὸμὴ

298 2539 499 2635 ἀμβροσίη
523 2537 588 2609 κτὲ

252 2692 366 2758 melius
399 2695 494 2777 poeta
527 2688 666 2768 fecisset,
698 2688 726 2752 si
749 2709 807 2774 pro
843 2679 984 2774 εάωδὴς
1008 2696 1193 2777 usurpasset
1217 2694 1306 2759 aliud
1330 2695 1397 2759 viui

251 2803 426 2890 epitheton,
451 2802 540 2866 velut
551 2794 780 2890 μελίφρων
794 2804 851 2864 aut
862 2795 1039 2892 ου’ήνωρ.
1076 2801 1202 2868 (tertius
1215 2808 1264 2870 est
1279 2807 1395 2892 (neque

251 2915 339 2980 enim
351 2914 468 2979 desunt
481 2912 636 2996 exempla,
645 2911 762 2995 quibus
775 2909 857 2973 illud
870 2908 1037 2999 defendas)
1046 2935 1112 2978 nou
1123 2915 1230 2999 ipsum
1242 2939 1396 3004 peooasso,

251 3026 306 3090 sed
328 3025 487 3104 librarios,
513 3046 558 3089 va.
586 3023 641 3100 55,
666 3021 723 3086 ubi
747 3019 892 3086 Baoehus
905 3023 1042 3107 probum
1053 3026 1302 3110 gubernatorem
1314 3028 1396 3094 ritae

252 3159 328 3202 suae
351 3137 520 3202 timentem
544 3134 629 3200 bono
654 3133 763 3197 auimo
788 3154 855 3198 esse
879 3134 969 3200 iubet
992 3135 1079 3202 hisee
1103 3137 1223 3204 verbis:

301 3269 466 3362 θάρσει
492 3261 557 3338 δῖε
581 3267 736 3356 κάτωρ,
762 3273 813 3358 τῷ
839 3265 918 3358 ἐμῷ
942 3276 1195 3363 κεχαρισμένε
1221 3276 1337 3368 θυμῷ

253 3411 312 3474 sub
336 3431 400 3494 qua
424 3411 609 3495 portentosa
643 3407 812 3492 scriptura,
842 3406 962 3472 frustra
986 3411 1112 3474 tentata
1134 3433 1153 3475 a
1176 3412 1257 3478 bene
1279 3415 1396 3494 multis,

253 3520 387 3585 fortasse
410 3519 493 3584 nihil
517 3521 597 3584 latet
620 3516 815 3584 reconditius
838 3540 936 3602 quam
960 3521 1172 3607 compellandi
1195 3524 1253 3590 illa
1264 3524 1399 3592 formula

254 3629 412 3716 Odysseae
442 3631 615 3697 lectoribus
648 3629 827 3708 notissima,
858 3649 940 3715 quae
964 3631 1041 3698 huie
1061 3634 1133 3699 loeo
1155 3637 1299 3722 apprime
1324 3660 1397 3703 eou-

253 3743 361 3808 venire
384 3743 526 3808 ridetur:

531 3867 710 3962 θάρσει,
736 3872 851 3952 ξεῖνε·
875 3877 1022 3966 πάτερ,
1048 3874 1122 3945 κτὲ.

716 4091 958 4104 -ιι-ιήιοι-ι-ι

568 4271 626 4337 IV.
663 4294 706 4338 au
728 4293 842 4340 roudus
866 4295 1088 4344 rurnosoerros.

297 4457 423 4524 Horum
446 4461 614 4544 poetarum
636 4460 803 4542 editiones,
828 4463 856 4527 si
878 4485 961 4548 quae
980 4463 1398 4557 postKarstenianampro·

260 4570 399 4647 dierunt,
432 4591 491 4634 neo
523 4570 650 4655 privata
682 4593 752 4637 mea
774 4571 855 4637 mihi
878 4573 1073 4640 bibliotheca
1097 4579 1280 4665 suppeditet
1303 4601 1403 4664 neque
