<?xml version="1.0" encoding="UTF-8"?>
<!DOCTYPE html PUBLIC "-//W3C//DTD XHTML 1.0 Transitional//EN"
    "http://www.w3.org/TR/xhtml1/DTD/xhtml1-transitional.dtd">
<html xmlns="http://www.w3.org/1999/xhtml" xml:lang="en" lang="en">
 <head>
  <title>
</title>
<meta http-equiv="Content-Type" content="text/html;charset=utf-8" />
  <meta name='ocr-system' content='tesseract 3.04.00' />
  <meta name='ocr-capabilities' content='ocr_page ocr_carea ocr_par ocr_line ocrx_word'/>
</head>
<body>
  <div class='ocr_page' id='page_1' title='image "./quaestiunculaee00herwgoog_0101.png"; bbox 0 0 3054 5312; ppageno 0'>
   <div class='ocr_carea' id='block_1_1' title="bbox 731 264 853 349">
    <p class='ocr_par' dir='ltr' id='par_1_1' title="bbox 731 264 853 349">
     <span class='ocr_line' id='line_1_1' title="bbox 731 264 853 349; baseline 0.016 -2"><span class='ocrx_word' id='word_1_1' title='bbox 731 264 853 349; x_wconf 78' lang='grc'>(88)</span> 
     </span>
    </p>
   </div>
   <div class='ocr_carea' id='block_1_2' title="bbox 220 447 1360 646">
    <p class='ocr_par' dir='ltr' id='par_1_2' title="bbox 220 447 1360 646">
     <span class='ocr_line' id='line_1_2' title="bbox 263 447 1360 536; baseline 0.004 -23"><span class='ocrx_word' id='word_1_2' title='bbox 263 448 366 524; x_wconf 80' lang='lat' dir='ltr'><strong>Quam</strong></span> <span class='ocrx_word' id='word_1_3' title='bbox 390 450 632 536; x_wconf 78' lang='lat' dir='ltr'><strong>inscriptionem</strong></span> <span class='ocrx_word' id='word_1_4' title='bbox 663 449 714 514; x_wconf 84' lang='lat' dir='ltr'><strong>uir</strong></span> <span class='ocrx_word' id='word_1_5' title='bbox 747 448 859 516; x_wconf 89' lang='lat' dir='ltr'><strong>doctus</strong></span> <span class='ocrx_word' id='word_1_6' title='bbox 884 447 930 515; x_wconf 89' lang='lat' dir='ltr'><strong>sic</strong></span> <span class='ocrx_word' id='word_1_7' title='bbox 953 448 1231 532; x_wconf 69' lang='lat' dir='ltr'><strong>interpretandam</strong></span> <span class='ocrx_word' id='word_1_8' title='bbox 1254 451 1288 515; x_wconf 89' lang='lat' dir='ltr'><strong>et</strong></span> <span class='ocrx_word' id='word_1_9' title='bbox 1312 471 1360 517; x_wconf 87' lang='lat' dir='ltr'><strong>re-</strong></span> 
     </span>
     <span class='ocr_line' id='line_1_3' title="bbox 220 561 667 646; baseline -0.002 -21"><span class='ocrx_word' id='word_1_10' title='bbox 220 561 467 646; x_wconf 81' lang='lat' dir='ltr'><strong>dintegrandam</strong></span> <span class='ocrx_word' id='word_1_11' title='bbox 489 561 667 646; x_wconf 88' lang='lat' dir='ltr'><strong>proposuit.</strong></span> 
     </span>
    </p>
   </div>
   <div class='ocr_carea' id='block_1_3' title="bbox 219 699 1342 1356">
    <p class='ocr_par' dir='ltr' id='par_1_3' title="bbox 223 699 1310 797">
     <span class='ocr_line' id='line_1_4' title="bbox 223 699 1310 797; baseline 0.001 -24"><span class='ocrx_word' id='word_1_12' title='bbox 223 699 389 776; x_wconf 76' lang='grc' dir='ltr'><strong><em>Ἐνύόιδε</em></strong></span> <span class='ocrx_word' id='word_1_13' title='bbox 413 707 482 791; x_wconf 91' lang='grc' dir='ltr'><strong>τήν</strong></span> <span class='ocrx_word' id='word_1_14' title='bbox 508 703 674 793; x_wconf 78' lang='grc' dir='ltr'><strong><em>ἀ[πλῶς]</em></strong></span> <span class='ocrx_word' id='word_1_15' title='bbox 699 706 861 790; x_wconf 87' lang='grc' dir='ltr'><strong><em>πινντήν</em></strong></span> <span class='ocrx_word' id='word_1_16' title='bbox 885 704 987 774; x_wconf 80' lang='grc' dir='ltr'><strong><em>κατα</em></strong></span> <span class='ocrx_word' id='word_1_17' title='bbox 1011 713 1107 797; x_wconf 79' lang='grc' dir='ltr'><em>γαῖα</em></span> <span class='ocrx_word' id='word_1_18' title='bbox 1133 702 1310 776; x_wconf 80' lang='grc' dir='ltr'><strong><em>καλύπτει</em></strong></span> 
     </span>
    </p>

    <p class='ocr_par' dir='ltr' id='par_1_4' title="bbox 219 813 1342 910">
     <span class='ocr_line' id='line_1_5' title="bbox 219 813 1342 910; baseline 0.004 -25"><span class='ocrx_word' id='word_1_19' title='bbox 219 816 433 910; x_wconf 60' lang='lat' dir='ltr'><strong>upupae)</strong></span> <span class='ocrx_word' id='word_1_20' title='bbox 457 817 526 904; x_wconf 89' lang='grc' dir='ltr'><strong>τήν</strong></span> <span class='ocrx_word' id='word_1_21' title='bbox 551 815 713 907; x_wconf 78' lang='grc' dir='ltr'><strong><em>ἄλοχον,</em></strong></span> <span class='ocrx_word' id='word_1_22' title='bbox 741 815 885 904; x_wconf 83' lang='grc' dir='ltr'><strong><em>σεμνὸν</em></strong></span> <span class='ocrx_word' id='word_1_23' title='bbox 910 813 1034 897; x_wconf 76' lang='grc' dir='ltr'><strong><em>θάλος</em></strong></span> <span class='ocrx_word' id='word_1_24' title='bbox 1060 813 1202 908; x_wconf 78' lang='grc' dir='ltr'><strong><em>ἔξοχον</em></strong></span> <span class='ocrx_word' id='word_1_25' title='bbox 1234 815 1342 890; x_wconf 80' lang='grc' dir='ltr'><strong><em>ἄλλο</em></strong></span> 
     </span>
    </p>

    <p class='ocr_par' dir='ltr' id='par_1_5' title="bbox 223 911 1340 1133">
     <span class='ocr_line' id='line_1_6' title="bbox 223 921 1340 1022; baseline -0.002 -20"><span class='ocrx_word' id='word_1_26' title='bbox 223 923 351 1003; x_wconf 86' lang='grc' dir='ltr'><em>ΝΙΟΥ</em></span> <span class='ocrx_word' id='word_1_27' title='bbox 374 921 454 998; x_wconf 60' lang='lat' dir='ltr'><strong>aab</strong></span> <span class='ocrx_word' id='word_1_28' title='bbox 459 952 538 1013; x_wconf 85' lang='grc' dir='ltr'><strong>νην</strong></span> <span class='ocrx_word' id='word_1_29' title='bbox 564 931 638 1017; x_wconf 87' lang='lat' dir='ltr'><strong>(sic)</strong></span> <span class='ocrx_word' id='word_1_30' title='bbox 664 928 731 1014; x_wconf 89' lang='grc' dir='ltr'><strong>τήν</strong></span> <span class='ocrx_word' id='word_1_31' title='bbox 754 929 898 1018; x_wconf 73' lang='grc' dir='ltr'><strong><em>μοι’ραν</em></strong></span> <span class='ocrx_word' id='word_1_32' title='bbox 923 930 997 1017; x_wconf 87' lang='lat' dir='ltr'><strong>(sic)</strong></span> <span class='ocrx_word' id='word_1_33' title='bbox 1094 929 1241 1022; x_wconf 75' lang='grc' dir='ltr'><strong><em>Κρήτης</em></strong></span> <span class='ocrx_word' id='word_1_34' title='bbox 1266 928 1340 1002; x_wconf 78' lang='grc' dir='ltr'><strong><em>α’πὸ</em></strong></span> 
     </span>
     <span class='ocr_line' id='line_1_7' title="bbox 1203 1044 1315 1133; baseline -0.027 -8"><span class='ocrx_word' id='word_1_35' title='bbox 1203 1044 1315 1133; x_wconf 73' lang='grc' dir='ltr'><em>γαίης</em></span> 
     </span>
    </p>

    <p class='ocr_par' dir='ltr' id='par_1_6' title="bbox 220 1145 1075 1242">
     <span class='ocr_line' id='line_1_8' title="bbox 220 1145 1075 1242; baseline -0.001 -20"><span class='ocrx_word' id='word_1_36' title='bbox 220 1151 342 1222; x_wconf 78' lang='grc' dir='ltr'><strong><em>εἴκοσι</em></strong></span> <span class='ocrx_word' id='word_1_37' title='bbox 366 1154 472 1222; x_wconf 78' lang='grc' dir='ltr'><strong><em>πέντε</em></strong></span> <span class='ocrx_word' id='word_1_38' title='bbox 496 1145 554 1236; x_wconf 78' lang='grc' dir='ltr'><strong>ἐτη</strong></span> <span class='ocrx_word' id='word_1_39' title='bbox 580 1152 730 1236; x_wconf 78' lang='grc' dir='ltr'><em>ζήσασα</em></span> <span class='ocrx_word' id='word_1_40' title='bbox 757 1152 845 1220; x_wconf 80' lang='grc' dir='ltr'><strong>ἴσον</strong></span> <span class='ocrx_word' id='word_1_41' title='bbox 869 1149 1028 1242; x_wconf 76' lang='grc' dir='ltr'><strong><em>χρόνον.</em></strong></span> <span class='ocrx_word' id='word_1_42' title='bbox 1045 1177 1075 1221; x_wconf 79' lang='grc'><strong>.;</strong></span> 
     </span>
    </p>

    <p class='ocr_par' dir='ltr' id='par_1_7' title="bbox 222 1256 892 1356">
     <span class='ocr_line' id='line_1_9' title="bbox 222 1256 892 1356; baseline -0.006 -24"><span class='ocrx_word' id='word_1_43' title='bbox 222 1263 385 1333; x_wconf 80' lang='lat' dir='ltr'><em>CETET</em></span> <span class='ocrx_word' id='word_1_44' title='bbox 403 1260 521 1356; x_wconf 75' lang='grc' dir='ltr'><strong><em>λόγον</em></strong></span> <span class='ocrx_word' id='word_1_45' title='bbox 545 1269 615 1334; x_wconf 86' lang='grc' dir='ltr'><strong>νύν</strong></span> <span class='ocrx_word' id='word_1_46' title='bbox 640 1256 892 1353; x_wconf 45' lang='lat' dir='ltr'><strong>maeoticam}</strong></span> 
     </span>
    </p>
   </div>
   <div class='ocr_carea' id='block_1_4' title="bbox 218 1389 1368 3150">
    <p class='ocr_par' dir='ltr' id='par_1_8' title="bbox 218 1389 1368 3032">
     <span class='ocr_line' id='line_1_10' title="bbox 267 1389 1364 1473; baseline 0 -15"><span class='ocrx_word' id='word_1_47' title='bbox 267 1393 414 1458; x_wconf 89' lang='lat' dir='ltr'><strong>Millerus</strong></span> <span class='ocrx_word' id='word_1_48' title='bbox 438 1393 466 1455; x_wconf 91' lang='lat' dir='ltr'><strong>si</strong></span> <span class='ocrx_word' id='word_1_49' title='bbox 490 1413 610 1457; x_wconf 88' lang='lat' dir='ltr'><strong>memor</strong></span> <span class='ocrx_word' id='word_1_50' title='bbox 633 1390 747 1456; x_wconf 81' lang='lat' dir='ltr'><strong>fuisset</strong></span> <span class='ocrx_word' id='word_1_51' title='bbox 769 1391 840 1456; x_wconf 88' lang='lat' dir='ltr'><strong>noti</strong></span> <span class='ocrx_word' id='word_1_52' title='bbox 864 1412 976 1456; x_wconf 78' lang='lat' dir='ltr'><strong>versus</strong></span> <span class='ocrx_word' id='word_1_53' title='bbox 1000 1389 1164 1459; x_wconf 83' lang='lat' dir='ltr'><strong>Homerici</strong></span> <span class='ocrx_word' id='word_1_54' title='bbox 1179 1393 1218 1459; x_wconf 88' lang='lat' dir='ltr'><strong>Il.</strong></span> <span class='ocrx_word' id='word_1_55' title='bbox 1237 1393 1273 1458; x_wconf 90' lang='lat' dir='ltr'><em>Z</em></span> <span class='ocrx_word' id='word_1_56' title='bbox 1286 1395 1364 1473; x_wconf 84' lang='lat'>194,</span> 
     </span>
     <span class='ocr_line' id='line_1_11' title="bbox 219 1499 1364 1587; baseline 0.001 -17"><span class='ocrx_word' id='word_1_57' title='bbox 219 1503 440 1580; x_wconf 69' lang='lat' dir='ltr'><strong>intellexisset,</strong></span> <span class='ocrx_word' id='word_1_58' title='bbox 466 1503 593 1585; x_wconf 91' lang='lat' dir='ltr'><strong>opinor,</strong></span> <span class='ocrx_word' id='word_1_59' title='bbox 617 1502 771 1586; x_wconf 86' lang='lat' dir='ltr'><strong>inlepide</strong></span> <span class='ocrx_word' id='word_1_60' title='bbox 790 1502 949 1587; x_wconf 85' lang='lat' dir='ltr'><strong>scriptum</strong></span> <span class='ocrx_word' id='word_1_61' title='bbox 961 1499 1059 1566; x_wconf 78' lang='lat' dir='ltr'><strong>fuisse</strong></span> <span class='ocrx_word' id='word_1_62' title='bbox 1074 1525 1118 1567; x_wconf 87' lang='lat' dir='ltr'><strong>vs.</strong></span> <span class='ocrx_word' id='word_1_63' title='bbox 1135 1503 1192 1567; x_wconf 85' lang='lat' dir='ltr'><strong>4to</strong></span> <span class='ocrx_word' id='word_1_64' title='bbox 1205 1499 1364 1583; x_wconf 76' lang='grc' dir='ltr'><strong><em>ἄλλων,</em></strong></span> 
     </span>
     <span class='ocr_line' id='line_1_12' title="bbox 218 1608 1366 1701; baseline -0.002 -20"><span class='ocrx_word' id='word_1_65' title='bbox 218 1617 328 1701; x_wconf 84' lang='lat' dir='ltr'><strong>itaque</strong></span> <span class='ocrx_word' id='word_1_66' title='bbox 351 1615 551 1698; x_wconf 81' lang='lat' dir='ltr'><strong>iungendum</strong></span> <span class='ocrx_word' id='word_1_67' title='bbox 584 1635 652 1678; x_wconf 86' lang='lat' dir='ltr'><strong>esse</strong></span> <span class='ocrx_word' id='word_1_68' title='bbox 688 1608 744 1682; x_wconf 83' lang='lat'><strong>10</strong></span> <span class='ocrx_word' id='word_1_69' title='bbox 754 1609 994 1692; x_wconf 76' lang='grc' dir='ltr'><em>ΥΑΙΔΝΗΝ,</em></span> <span class='ocrx_word' id='word_1_70' title='bbox 1019 1615 1105 1699; x_wconf 91' lang='lat' dir='ltr'><strong>quod</strong></span> <span class='ocrx_word' id='word_1_71' title='bbox 1129 1615 1243 1700; x_wconf 92' lang='lat' dir='ltr'><strong>procul</strong></span> <span class='ocrx_word' id='word_1_72' title='bbox 1268 1614 1366 1679; x_wconf 89' lang='lat' dir='ltr'><strong>dubie</strong></span> 
     </span>
     <span class='ocr_line' id='line_1_13' title="bbox 220 1721 1366 1810; baseline 0.002 -18"><span class='ocrx_word' id='word_1_73' title='bbox 220 1727 304 1792; x_wconf 83' lang='lat' dir='ltr'><strong>male</strong></span> <span class='ocrx_word' id='word_1_74' title='bbox 328 1725 525 1810; x_wconf 88' lang='lat' dir='ltr'><strong>descriptum</strong></span> <span class='ocrx_word' id='word_1_75' title='bbox 547 1728 597 1789; x_wconf 89' lang='lat' dir='ltr'><strong>est</strong></span> <span class='ocrx_word' id='word_1_76' title='bbox 619 1745 678 1807; x_wconf 92' lang='lat' dir='ltr'><strong>pro</strong></span> <span class='ocrx_word' id='word_1_77' title='bbox 702 1724 723 1788; x_wconf 86' lang='grc' dir='ltr'><em>Ι</em></span> <span class='ocrx_word' id='word_1_78' title='bbox 728 1721 759 1789; x_wconf 83' lang='grc' dir='ltr'><strong>(λ</strong></span> <span class='ocrx_word' id='word_1_79' title='bbox 770 1725 796 1788; x_wconf 84' lang='grc' dir='ltr'><em>Υ</em></span> <span class='ocrx_word' id='word_1_80' title='bbox 795 1721 1016 1806; x_wconf 76' lang='grc' dir='ltr'><strong>ΛΙΑιλἩΝ,</strong></span> <span class='ocrx_word' id='word_1_81' title='bbox 1041 1727 1062 1790; x_wconf 86' lang='lat' dir='ltr'><strong>i.</strong></span> <span class='ocrx_word' id='word_1_82' title='bbox 1089 1749 1116 1791; x_wconf 88' lang='lat' dir='ltr'><strong>e.</strong></span> <span class='ocrx_word' id='word_1_83' title='bbox 1137 1722 1366 1808; x_wconf 83' lang='grc' dir='ltr'><strong><em>Ἰουλιανήν,</em></strong></span> 
     </span>
     <span class='ocr_line' id='line_1_14' title="bbox 219 1837 1367 1923; baseline -0.002 -19"><span class='ocrx_word' id='word_1_84' title='bbox 219 1841 342 1923; x_wconf 91' lang='lat' dir='ltr'><strong>inquo</strong></span> <span class='ocrx_word' id='word_1_85' title='bbox 366 1838 496 1903; x_wconf 88' lang='lat' dir='ltr'><strong>nomine</strong></span> <span class='ocrx_word' id='word_1_86' title='bbox 520 1837 561 1902; x_wconf 83' lang='lat' dir='ltr'><strong>ed</strong></span> <span class='ocrx_word' id='word_1_87' title='bbox 585 1837 766 1923; x_wconf 86' lang='lat' dir='ltr'><strong>exemplum</strong></span> <span class='ocrx_word' id='word_1_88' title='bbox 789 1837 986 1922; x_wconf 88' lang='lat' dir='ltr'><strong>reliquorum</strong></span> <span class='ocrx_word' id='word_1_89' title='bbox 1011 1839 1179 1904; x_wconf 89' lang='lat' dir='ltr'><strong>nominum</strong></span> <span class='ocrx_word' id='word_1_90' title='bbox 1203 1837 1367 1903; x_wconf 85' lang='lat' dir='ltr'><strong>Romano·</strong></span> 
     </span>
     <span class='ocr_line' id='line_1_15' title="bbox 224 1946 1368 2033; baseline -0.002 -17"><span class='ocrx_word' id='word_1_91' title='bbox 224 1972 295 2016; x_wconf 88' lang='lat' dir='ltr'><strong>rum</strong></span> <span class='ocrx_word' id='word_1_92' title='bbox 331 1949 427 2014; x_wconf 90' lang='lat' dir='ltr'><strong>huius</strong></span> <span class='ocrx_word' id='word_1_93' title='bbox 462 1948 701 2013; x_wconf 80' lang='lat' dir='ltr'><strong>terminationis</strong></span> <span class='ocrx_word' id='word_1_94' title='bbox 737 1949 800 2012; x_wconf 84' lang='lat' dir='ltr'><strong>seri</strong></span> <span class='ocrx_word' id='word_1_95' title='bbox 829 1963 956 2033; x_wconf 85' lang='lat' dir='ltr'><strong>quoque</strong></span> <span class='ocrx_word' id='word_1_96' title='bbox 987 1948 1205 2033; x_wconf 81' lang='lat' dir='ltr'><strong>Antholcgiee</strong></span> <span class='ocrx_word' id='word_1_97' title='bbox 1228 1946 1368 2014; x_wconf 80' lang='lat' dir='ltr'><strong>Graecae</strong></span> 
     </span>
     <span class='ocr_line' id='line_1_16' title="bbox 222 2059 1365 2151; baseline -0.002 -23"><span class='ocrx_word' id='word_1_98' title='bbox 222 2066 335 2151; x_wconf 88' lang='lat' dir='ltr'><strong>poetae</strong></span> <span class='ocrx_word' id='word_1_99' title='bbox 358 2060 590 2147; x_wconf 80' lang='lat' dir='ltr'><strong>paenultimam</strong></span> <span class='ocrx_word' id='word_1_100' title='bbox 612 2060 769 2145; x_wconf 81' lang='lat' dir='ltr'><strong>corripere</strong></span> <span class='ocrx_word' id='word_1_101' title='bbox 782 2061 930 2125; x_wconf 82' lang='lat' dir='ltr'><strong>assolent.</strong></span> <span class='ocrx_word' id='word_1_102' title='bbox 956 2059 1036 2127; x_wconf 90' lang='lat' dir='ltr'><strong>Inde</strong></span> <span class='ocrx_word' id='word_1_103' title='bbox 1047 2082 1122 2126; x_wconf 87' lang='lat' dir='ltr'><strong>vero</strong></span> <span class='ocrx_word' id='word_1_104' title='bbox 1139 2065 1272 2146; x_wconf 83' lang='lat' dir='ltr'><strong>apparet</strong></span> <span class='ocrx_word' id='word_1_105' title='bbox 1283 2083 1330 2126; x_wconf 86' lang='lat' dir='ltr'><strong>vs.</strong></span> <span class='ocrx_word' id='word_1_106' title='bbox 1346 2063 1365 2126; x_wconf 85' lang='lat'>2</span> 
     </span>
     <span class='ocr_line' id='line_1_17' title="bbox 221 2167 1367 2258; baseline -0.003 -17"><span class='ocrx_word' id='word_1_107' title='bbox 221 2174 303 2241; x_wconf 89' lang='lat' dir='ltr'><strong>male</strong></span> <span class='ocrx_word' id='word_1_108' title='bbox 336 2172 518 2258; x_wconf 88' lang='lat' dir='ltr'><strong>suppletum</strong></span> <span class='ocrx_word' id='word_1_109' title='bbox 550 2193 617 2236; x_wconf 86' lang='lat' dir='ltr'><strong>esse</strong></span> <span class='ocrx_word' id='word_1_110' title='bbox 647 2167 866 2258; x_wconf 61' lang='lat' dir='ltr'><strong>Ilperjuwv),</strong></span> <span class='ocrx_word' id='word_1_111' title='bbox 890 2172 977 2257; x_wconf 90' lang='lat' dir='ltr'><strong>quod</strong></span> <span class='ocrx_word' id='word_1_112' title='bbox 1000 2171 1118 2236; x_wconf 91' lang='lat' dir='ltr'><strong>falsum</strong></span> <span class='ocrx_word' id='word_1_113' title='bbox 1141 2193 1208 2238; x_wconf 86' lang='lat' dir='ltr'><strong>esse</strong></span> <span class='ocrx_word' id='word_1_114' title='bbox 1232 2193 1367 2256; x_wconf 88' lang='lat' dir='ltr'><strong>sequeus</strong></span> 
     </span>
     <span class='ocr_line' id='line_1_18' title="bbox 221 2279 1368 2372; baseline -0.003 -20"><span class='ocrx_word' id='word_1_115' title='bbox 221 2285 290 2370; x_wconf 91' lang='grc' dir='ltr'><strong>τήν</strong></span> <span class='ocrx_word' id='word_1_116' title='bbox 327 2279 477 2372; x_wconf 76' lang='grc' dir='ltr'><strong><em>ἁλοχον</em></strong></span> <span class='ocrx_word' id='word_1_117' title='bbox 507 2285 637 2346; x_wconf 85' lang='lat' dir='ltr'><strong>tantum</strong></span> <span class='ocrx_word' id='word_1_118' title='bbox 667 2302 734 2345; x_wconf 90' lang='lat' dir='ltr'><strong>uon</strong></span> <span class='ocrx_word' id='word_1_119' title='bbox 765 2281 891 2348; x_wconf 85' lang='lat' dir='ltr'><strong>elamet.</strong></span> <span class='ocrx_word' id='word_1_120' title='bbox 929 2281 1117 2366; x_wconf 87' lang='lat' dir='ltr'><strong>Requiritur</strong></span> <span class='ocrx_word' id='word_1_121' title='bbox 1148 2284 1235 2348; x_wconf 89' lang='lat' dir='ltr'><strong>enim</strong></span> <span class='ocrx_word' id='word_1_122' title='bbox 1259 2284 1368 2349; x_wconf 84' lang='lat' dir='ltr'><strong>meriti</strong></span> 
     </span>
     <span class='ocr_line' id='line_1_19' title="bbox 220 2391 1367 2479; baseline -0.004 -15"><span class='ocrx_word' id='word_1_123' title='bbox 220 2420 339 2465; x_wconf 88' lang='lat' dir='ltr'><strong>nomen</strong></span> <span class='ocrx_word' id='word_1_124' title='bbox 362 2397 397 2461; x_wconf 92' lang='lat' dir='ltr'><strong>in</strong></span> <span class='ocrx_word' id='word_1_125' title='bbox 429 2392 595 2460; x_wconf 79' lang='lat' dir='ltr'><strong>Genetiro.</strong></span> <span class='ocrx_word' id='word_1_126' title='bbox 637 2391 686 2457; x_wconf 87' lang='lat' dir='ltr'><strong>De</strong></span> <span class='ocrx_word' id='word_1_127' title='bbox 709 2413 755 2457; x_wconf 86' lang='lat' dir='ltr'><strong>vs.</strong></span> <span class='ocrx_word' id='word_1_128' title='bbox 781 2392 884 2479; x_wconf 86' lang='lat' dir='ltr'><strong>pn&#39;mo</strong></span> <span class='ocrx_word' id='word_1_129' title='bbox 908 2393 1008 2458; x_wconf 91' lang='lat' dir='ltr'><strong>miror</strong></span> <span class='ocrx_word' id='word_1_130' title='bbox 1030 2393 1194 2458; x_wconf 85' lang='lat' dir='ltr'><strong>Millerum</strong></span> <span class='ocrx_word' id='word_1_131' title='bbox 1217 2395 1263 2460; x_wconf 87' lang='lat' dir='ltr'><strong>sic</strong></span> <span class='ocrx_word' id='word_1_132' title='bbox 1287 2396 1367 2460; x_wconf 88' lang='lat' dir='ltr'><strong>scri-</strong></span> 
     </span>
     <span class='ocr_line' id='line_1_20' title="bbox 222 2500 1367 2588; baseline -0.007 -12"><span class='ocrx_word' id='word_1_133' title='bbox 222 2511 351 2576; x_wconf 89' lang='lat' dir='ltr'><strong>bentem</strong></span> <span class='ocrx_word' id='word_1_134' title='bbox 375 2504 501 2569; x_wconf 79' lang='lat' dir='ltr'><strong>»lintre</strong></span> <span class='ocrx_word' id='word_1_135' title='bbox 523 2501 660 2567; x_wconf 84' lang='lat' dir='ltr'><strong>l&#39;erticlc</strong></span> <span class='ocrx_word' id='word_1_136' title='bbox 685 2500 754 2584; x_wconf 87' lang='grc' dir='ltr'><strong>τήν</strong></span> <span class='ocrx_word' id='word_1_137' title='bbox 778 2505 811 2566; x_wconf 88' lang='lat' dir='ltr'><strong>et</strong></span> <span class='ocrx_word' id='word_1_138' title='bbox 834 2501 993 2585; x_wconf 84' lang='grc' dir='ltr'><strong><em>πινυτήν</em></strong></span> <span class='ocrx_word' id='word_1_139' title='bbox 1011 2504 1164 2588; x_wconf 89' lang='lat' dir='ltr'><strong>quelques</strong></span> <span class='ocrx_word' id='word_1_140' title='bbox 1177 2504 1287 2568; x_wconf 89' lang='lat' dir='ltr'><strong>lettres</strong></span> <span class='ocrx_word' id='word_1_141' title='bbox 1303 2506 1367 2569; x_wconf 83' lang='lat' dir='ltr'><strong>iili·</strong></span> 
     </span>
     <span class='ocr_line' id='line_1_21' title="bbox 221 2595 1368 2698; baseline -0.004 -15"><span class='ocrx_word' id='word_1_142' title='bbox 221 2621 343 2696; x_wconf 69' lang='lat' dir='ltr'><strong>»siblea</strong></span> <span class='ocrx_word' id='word_1_143' title='bbox 368 2616 448 2681; x_wconf 86' lang='lat' dir='ltr'><strong>dont</strong></span> <span class='ocrx_word' id='word_1_144' title='bbox 470 2613 503 2677; x_wconf 85' lang='lat' dir='ltr'><strong>le</strong></span> <span class='ocrx_word' id='word_1_145' title='bbox 526 2595 682 2697; x_wconf 70' lang='lat' dir='ltr'><strong>premiere</strong></span> <span class='ocrx_word' id='word_1_146' title='bbox 706 2616 755 2676; x_wconf 88' lang='lat' dir='ltr'><strong>est</strong></span> <span class='ocrx_word' id='word_1_147' title='bbox 779 2633 823 2676; x_wconf 88' lang='lat' dir='ltr'><strong>un</strong></span> <span class='ocrx_word' id='word_1_148' title='bbox 848 2611 911 2678; x_wconf 83' lang='grc' dir='ltr'><strong>Α.”</strong></span> <span class='ocrx_word' id='word_1_149' title='bbox 939 2611 1024 2678; x_wconf 89' lang='lat' dir='ltr'><strong>Nam</strong></span> <span class='ocrx_word' id='word_1_150' title='bbox 1048 2614 1083 2678; x_wconf 91' lang='lat' dir='ltr'><strong>in</strong></span> <span class='ocrx_word' id='word_1_151' title='bbox 1104 2614 1249 2698; x_wconf 85' lang='lat' dir='ltr'><strong>exemplo</strong></span> <span class='ocrx_word' id='word_1_152' title='bbox 1265 2614 1368 2679; x_wconf 88' lang='lat' dir='ltr'><strong>literis</strong></span> 
     </span>
     <span class='ocr_line' id='line_1_22' title="bbox 221 2723 1367 2818; baseline -0.003 -22"><span class='ocrx_word' id='word_1_153' title='bbox 221 2729 387 2818; x_wconf 87' lang='lat' dir='ltr'><strong>quadratis</strong></span> <span class='ocrx_word' id='word_1_154' title='bbox 411 2749 508 2812; x_wconf 89' lang='lat' dir='ltr'><strong>supra</strong></span> <span class='ocrx_word' id='word_1_155' title='bbox 533 2746 552 2789; x_wconf 83' lang='lat' dir='ltr'><strong>a</strong></span> <span class='ocrx_word' id='word_1_156' title='bbox 576 2723 702 2788; x_wconf 88' lang='lat' dir='ltr'><strong>Millero</strong></span> <span class='ocrx_word' id='word_1_157' title='bbox 726 2725 890 2810; x_wconf 88' lang='lat' dir='ltr'><strong>proposito</strong></span> <span class='ocrx_word' id='word_1_158' title='bbox 914 2725 1041 2790; x_wconf 91' lang='lat' dir='ltr'><strong>nullum</strong></span> <span class='ocrx_word' id='word_1_159' title='bbox 1064 2730 1113 2791; x_wconf 89' lang='lat' dir='ltr'><strong>est</strong></span> <span class='ocrx_word' id='word_1_160' title='bbox 1136 2726 1232 2790; x_wconf 90' lang='lat' dir='ltr'><strong>huius</strong></span> <span class='ocrx_word' id='word_1_161' title='bbox 1255 2726 1367 2792; x_wconf 83' lang='lat' dir='ltr'><strong>literae</strong></span> 
     </span>
     <span class='ocr_line' id='line_1_23' title="bbox 220 2835 1368 2926; baseline -0.005 -16"><span class='ocrx_word' id='word_1_162' title='bbox 220 2842 401 2926; x_wconf 81' lang='lat' dir='ltr'><strong>vestigium.</strong></span> <span class='ocrx_word' id='word_1_163' title='bbox 440 2837 527 2914; x_wconf 83' lang='lat' dir='ltr'><strong>Quae</strong></span> <span class='ocrx_word' id='word_1_164' title='bbox 559 2857 611 2900; x_wconf 89' lang='lat' dir='ltr'><strong>res</strong></span> <span class='ocrx_word' id='word_1_165' title='bbox 645 2838 820 2920; x_wconf 86' lang='lat' dir='ltr'><strong>utcumque</strong></span> <span class='ocrx_word' id='word_1_166' title='bbox 844 2837 1009 2914; x_wconf 85' lang='lat' dir='ltr'><strong>sehabet,</strong></span> <span class='ocrx_word' id='word_1_167' title='bbox 1039 2835 1160 2902; x_wconf 85' lang='lat' dir='ltr'><strong>Milleri</strong></span> <span class='ocrx_word' id='word_1_168' title='bbox 1184 2837 1368 2904; x_wconf 84' lang='lat' dir='ltr'><strong>coniectura</strong></span> 
     </span>
     <span class='ocr_line' id='line_1_24' title="bbox 221 2937 806 3032; baseline -0.017 -9"><span class='ocrx_word' id='word_1_169' title='bbox 221 2950 351 3032; x_wconf 76' lang='grc' dir='ltr'><strong><em>ἁπλῶς</em></strong></span> <span class='ocrx_word' id='word_1_170' title='bbox 376 2957 424 3017; x_wconf 87' lang='lat' dir='ltr'><strong>est</strong></span> <span class='ocrx_word' id='word_1_171' title='bbox 449 2937 806 3026; x_wconf 62' lang='lat' dir='ltr'><strong>categoricarum.</strong></span> 
     </span>
    </p>

    <p class='ocr_par' dir='ltr' id='par_1_9' title="bbox 267 3059 958 3150">
     <span class='ocr_line' id='line_1_25' title="bbox 267 3059 958 3150; baseline -0.01 -19"><span class='ocrx_word' id='word_1_172' title='bbox 267 3065 500 3150; x_wconf 80' lang='lat' dir='ltr'><strong>Fragmentum</strong></span> <span class='ocrx_word' id='word_1_173' title='bbox 523 3059 626 3144; x_wconf 79' lang='lat' dir='ltr'><strong>igitur</strong></span> <span class='ocrx_word' id='word_1_174' title='bbox 651 3059 697 3123; x_wconf 86' lang='lat' dir='ltr'><strong>sic</strong></span> <span class='ocrx_word' id='word_1_175' title='bbox 721 3059 958 3124; x_wconf 87' lang='lat' dir='ltr'><strong>constituerim:</strong></span> 
     </span>
    </p>
   </div>
   <div class='ocr_carea' id='block_1_5' title="bbox 223 3189 1366 3733">
    <p class='ocr_par' dir='ltr' id='par_1_10' title="bbox 223 3189 1366 3618">
     <span class='ocr_line' id='line_1_26' title="bbox 224 3189 1244 3285; baseline -0.006 -17"><span class='ocrx_word' id='word_1_176' title='bbox 224 3189 390 3270; x_wconf 76' lang='grc' dir='ltr'><strong><em>Ἐνθάὸε</em></strong></span> <span class='ocrx_word' id='word_1_177' title='bbox 415 3195 484 3280; x_wconf 90' lang='grc' dir='ltr'><strong>τήν</strong></span> <span class='ocrx_word' id='word_1_178' title='bbox 508 3219 562 3264; x_wconf 81' lang='lat' dir='ltr'><strong>vv</strong></span> <span class='ocrx_word' id='word_1_179' title='bbox 577 3233 618 3243; x_wconf 90' lang='lat'>-</span> <span class='ocrx_word' id='word_1_180' title='bbox 633 3193 794 3278; x_wconf 79' lang='grc' dir='ltr'><strong><em>πινυτήν</em></strong></span> <span class='ocrx_word' id='word_1_181' title='bbox 817 3191 917 3261; x_wconf 74' lang='grc' dir='ltr'><strong><em>κατα</em></strong></span> <span class='ocrx_word' id='word_1_182' title='bbox 942 3203 1037 3285; x_wconf 79' lang='grc' dir='ltr'><em>γαῖα</em></span> <span class='ocrx_word' id='word_1_183' title='bbox 1060 3192 1244 3263; x_wconf 78' lang='grc' dir='ltr'><strong><em>καλύπτει</em></strong></span> 
     </span>
     <span class='ocr_line' id='line_1_27' title="bbox 223 3299 1366 3402; baseline -0.003 -22"><span class='ocrx_word' id='word_1_184' title='bbox 223 3310 430 3402; x_wconf 82' lang='grc' dir='ltr'><strong><em>Πρείμ(οο)</em></strong></span> <span class='ocrx_word' id='word_1_185' title='bbox 455 3307 523 3392; x_wconf 87' lang='grc' dir='ltr'><strong>τήν</strong></span> <span class='ocrx_word' id='word_1_186' title='bbox 547 3303 707 3395; x_wconf 83' lang='grc' dir='ltr'><strong><em>ἄλοχον,</em></strong></span> <span class='ocrx_word' id='word_1_187' title='bbox 733 3302 877 3388; x_wconf 83' lang='grc' dir='ltr'><strong><em>σεμνὸν</em></strong></span> <span class='ocrx_word' id='word_1_188' title='bbox 903 3301 1042 3390; x_wconf 74' lang='grc' dir='ltr'><strong><em>θάλος,</em></strong></span> <span class='ocrx_word' id='word_1_189' title='bbox 1055 3299 1195 3395; x_wconf 75' lang='grc' dir='ltr'><strong><em>ἔξοχον</em></strong></span> <span class='ocrx_word' id='word_1_190' title='bbox 1211 3303 1366 3388; x_wconf 80' lang='grc' dir='ltr'><strong><em>ἄλλων,</em></strong></span> 
     </span>
     <span class='ocr_line' id='line_1_28' title="bbox 224 3415 1271 3510; baseline -0.006 -18"><span class='ocrx_word' id='word_1_191' title='bbox 224 3419 494 3505; x_wconf 53' lang='lat' dir='ltr'><strong>’invitarint</strong></span> <span class='ocrx_word' id='word_1_192' title='bbox 520 3419 589 3504; x_wconf 90' lang='grc' dir='ltr'><strong>τήν</strong></span> <span class='ocrx_word' id='word_1_193' title='bbox 614 3419 722 3510; x_wconf 89' lang='grc' dir='ltr'><strong><em>Μοῖρ</em></strong></span> <span class='ocrx_word' id='word_1_194' title='bbox 744 3441 799 3485; x_wconf 86' lang='lat' dir='ltr'><strong>vv</strong></span> <span class='ocrx_word' id='word_1_195' title='bbox 814 3457 855 3466; x_wconf 95' lang='lat'>-</span> <span class='ocrx_word' id='word_1_196' title='bbox 870 3417 1020 3508; x_wconf 78' lang='grc' dir='ltr'><strong><em>Κρήτης</em></strong></span> <span class='ocrx_word' id='word_1_197' title='bbox 1045 3415 1122 3485; x_wconf 89' lang='grc' dir='ltr'><strong><em>α’πὸ</em></strong></span> <span class='ocrx_word' id='word_1_198' title='bbox 1146 3419 1271 3510; x_wconf 74' lang='grc' dir='ltr'><strong><em>γαίης.</em></strong></span> 
     </span>
     <span class='ocr_line' id='line_1_29' title="bbox 223 3524 1133 3618; baseline -0.007 -16"><span class='ocrx_word' id='word_1_199' title='bbox 223 3534 358 3602; x_wconf 75' lang='grc' dir='ltr'><strong><em>Εἴκοσι</em></strong></span> <span class='ocrx_word' id='word_1_200' title='bbox 384 3532 489 3600; x_wconf 80' lang='grc' dir='ltr'><strong><em>πέντε</em></strong></span> <span class='ocrx_word' id='word_1_201' title='bbox 514 3526 580 3612; x_wconf 75' lang='grc' dir='ltr'><strong><em>ε”τη</em></strong></span> <span class='ocrx_word' id='word_1_202' title='bbox 605 3529 755 3612; x_wconf 79' lang='grc' dir='ltr'><em>ζήσασα</em></span> <span class='ocrx_word' id='word_1_203' title='bbox 780 3529 867 3595; x_wconf 80' lang='grc' dir='ltr'><strong>ἶσον</strong></span> <span class='ocrx_word' id='word_1_204' title='bbox 891 3524 1133 3618; x_wconf 72' lang='grc' dir='ltr'><strong><em>χρόνον-ὗ</em></strong></span> 
     </span>
    </p>

    <p class='ocr_par' dir='ltr' id='par_1_11' title="bbox 224 3628 965 3733">
     <span class='ocr_line' id='line_1_30' title="bbox 224 3628 965 3733; baseline -0.013 -20"><span class='ocrx_word' id='word_1_205' title='bbox 224 3641 386 3713; x_wconf 78' lang='grc' dir='ltr'><em>ΟΘΤΘΤ</em></span> <span class='ocrx_word' id='word_1_206' title='bbox 406 3638 523 3733; x_wconf 75' lang='grc' dir='ltr'><strong><em>λόγον</em></strong></span> <span class='ocrx_word' id='word_1_207' title='bbox 548 3644 621 3710; x_wconf 85' lang='grc' dir='ltr'><strong>νύν</strong></span> <span class='ocrx_word' id='word_1_208' title='bbox 645 3640 690 3725; x_wconf 71' lang='lat' dir='ltr'><strong>(t)</strong></span> <span class='ocrx_word' id='word_1_209' title='bbox 715 3628 965 3727; x_wconf 82' lang='grc' dir='ltr'><strong><em>παροὸεῖ(τα).</em></strong></span> 
     </span>
    </p>
   </div>
   <div class='ocr_carea' id='block_1_6' title="bbox 146 3759 1374 4414">
    <p class='ocr_par' dir='ltr' id='par_1_12' title="bbox 146 3759 1374 4414">
     <span class='ocr_line' id='line_1_31' title="bbox 146 3759 1371 3858; baseline -0.002 -19"><span class='ocrx_word' id='word_1_210' title='bbox 146 3798 149 3805; x_wconf 94' lang='grc'><em>·</em></span> <span class='ocrx_word' id='word_1_211' title='bbox 269 3773 385 3839; x_wconf 87' lang='lat' dir='ltr'><strong>Verbis</strong></span> <span class='ocrx_word' id='word_1_212' title='bbox 409 3775 517 3836; x_wconf 88' lang='lat' dir='ltr'><strong>autem</strong></span> <span class='ocrx_word' id='word_1_213' title='bbox 540 3768 609 3852; x_wconf 91' lang='grc' dir='ltr'><strong>τήν</strong></span> <span class='ocrx_word' id='word_1_214' title='bbox 623 3807 664 3817; x_wconf 89' lang='lat'>-</span> <span class='ocrx_word' id='word_1_215' title='bbox 680 3759 870 3858; x_wconf 81' lang='grc' dir='ltr'><strong><em>παροδῐτα</em></strong></span> <span class='ocrx_word' id='word_1_216' title='bbox 893 3770 973 3854; x_wconf 84' lang='lat' dir='ltr'><strong>quid</strong></span> <span class='ocrx_word' id='word_1_217' title='bbox 996 3770 1113 3836; x_wconf 84' lang='lat' dir='ltr'><strong>faciem</strong></span> <span class='ocrx_word' id='word_1_218' title='bbox 1135 3773 1252 3837; x_wconf 86' lang='lat' dir='ltr'><strong>neseio.</strong></span> <span class='ocrx_word' id='word_1_219' title='bbox 1283 3770 1371 3838; x_wconf 88' lang='lat' dir='ltr'><strong>Nam</strong></span> 
     </span>
     <span class='ocr_line' id='line_1_32' title="bbox 223 3881 1374 3974; baseline -0.003 -22"><span class='ocrx_word' id='word_1_220' title='bbox 223 3890 351 3974; x_wconf 84' lang='lat' dir='ltr'><strong>praeter</strong></span> <span class='ocrx_word' id='word_1_221' title='bbox 374 3885 519 3961; x_wconf 81' lang='lat' dir='ltr'><strong>lacunas,</strong></span> <span class='ocrx_word' id='word_1_222' title='bbox 543 3903 624 3966; x_wconf 86' lang='lat' dir='ltr'><strong>ques</strong></span> <span class='ocrx_word' id='word_1_223' title='bbox 649 3881 809 3966; x_wconf 84' lang='lat' dir='ltr'><strong>probabili</strong></span> <span class='ocrx_word' id='word_1_224' title='bbox 831 3883 926 3946; x_wconf 90' lang='lat' dir='ltr'><strong>modo</strong></span> <span class='ocrx_word' id='word_1_225' title='bbox 950 3883 1076 3968; x_wconf 87' lang='lat' dir='ltr'><strong>explere</strong></span> <span class='ocrx_word' id='word_1_226' title='bbox 1099 3903 1320 3967; x_wconf 86' lang='lat' dir='ltr'><strong>nonpossum‚</strong></span> <span class='ocrx_word' id='word_1_227' title='bbox 1338 3885 1374 3949; x_wconf 91' lang='lat' dir='ltr'><strong>in</strong></span> 
     </span>
     <span class='ocr_line' id='line_1_33' title="bbox 223 3993 1372 4072; baseline -0.003 -7"><span class='ocrx_word' id='word_1_228' title='bbox 223 4000 337 4065; x_wconf 93' lang='lat' dir='ltr'><strong>ultimo</strong></span> <span class='ocrx_word' id='word_1_229' title='bbox 361 4018 457 4062; x_wconf 85' lang='lat' dir='ltr'><strong>versu</strong></span> <span class='ocrx_word' id='word_1_230' title='bbox 482 3993 522 4064; x_wconf 87' lang='lat' dir='ltr'><em>N</em></span> <span class='ocrx_word' id='word_1_231' title='bbox 526 3993 591 4063; x_wconf 85' lang='grc' dir='ltr'><strong>ΥΝ</strong></span> <span class='ocrx_word' id='word_1_232' title='bbox 612 3993 765 4057; x_wconf 87' lang='lat' dir='ltr'><strong>vitiosum</strong></span> <span class='ocrx_word' id='word_1_233' title='bbox 781 4014 847 4058; x_wconf 89' lang='lat' dir='ltr'><strong>esse</strong></span> <span class='ocrx_word' id='word_1_234' title='bbox 860 3994 955 4058; x_wconf 89' lang='lat' dir='ltr'><strong>metri</strong></span> <span class='ocrx_word' id='word_1_235' title='bbox 965 3995 1050 4058; x_wconf 86' lang='lat' dir='ltr'><strong>ratio</strong></span> <span class='ocrx_word' id='word_1_236' title='bbox 1062 3994 1192 4060; x_wconf 85' lang='lat' dir='ltr'><strong>evincit.</strong></span> <span class='ocrx_word' id='word_1_237' title='bbox 1218 3995 1372 4072; x_wconf 82' lang='lat' dir='ltr'><strong>Fueritne</strong></span> 
     </span>
     <span class='ocr_line' id='line_1_34' title="bbox 225 4097 1370 4190; baseline -0.001 -17"><span class='ocrx_word' id='word_1_238' title='bbox 225 4097 294 4179; x_wconf 80' lang='grc' dir='ltr'><strong>ούν</strong></span> <span class='ocrx_word' id='word_1_239' title='bbox 318 4131 361 4172; x_wconf 88' lang='lat' dir='ltr'><strong>an</strong></span> <span class='ocrx_word' id='word_1_240' title='bbox 385 4105 474 4170; x_wconf 84' lang='lat' dir='ltr'><strong>eliud</strong></span> <span class='ocrx_word' id='word_1_241' title='bbox 498 4102 562 4168; x_wconf 84' lang='lat' dir='ltr'><strong>dici</strong></span> <span class='ocrx_word' id='word_1_242' title='bbox 584 4102 709 4188; x_wconf 87' lang='lat' dir='ltr'><strong>nequit,</strong></span> <span class='ocrx_word' id='word_1_243' title='bbox 735 4107 810 4168; x_wconf 86' lang='lat' dir='ltr'><strong>ente</strong></span> <span class='ocrx_word' id='word_1_244' title='bbox 834 4126 932 4189; x_wconf 86' lang='lat' dir='ltr'><strong>quem</strong></span> <span class='ocrx_word' id='word_1_245' title='bbox 955 4105 1079 4190; x_wconf 88' lang='lat' dir='ltr'><strong>reliqua</strong></span> <span class='ocrx_word' id='word_1_246' title='bbox 1106 4106 1258 4171; x_wconf 89' lang='lat' dir='ltr'><strong>restituta</strong></span> <span class='ocrx_word' id='word_1_247' title='bbox 1281 4112 1370 4185; x_wconf 87' lang='lat' dir='ltr'><strong>sunt,</strong></span> 
     </span>
     <span class='ocr_line' id='line_1_35' title="bbox 224 4215 1372 4303; baseline -0.005 -14"><span class='ocrx_word' id='word_1_248' title='bbox 224 4223 315 4290; x_wconf 88' lang='lat' dir='ltr'><strong>cuius</strong></span> <span class='ocrx_word' id='word_1_249' title='bbox 338 4219 386 4283; x_wconf 90' lang='lat' dir='ltr'><strong>rei</strong></span> <span class='ocrx_word' id='word_1_250' title='bbox 410 4215 479 4282; x_wconf 89' lang='lat' dir='ltr'><strong>sine</strong></span> <span class='ocrx_word' id='word_1_251' title='bbox 503 4215 633 4280; x_wconf 87' lang='lat' dir='ltr'><strong>meliore</strong></span> <span class='ocrx_word' id='word_1_252' title='bbox 656 4217 843 4301; x_wconf 81' lang='lat' dir='ltr'><strong>apographo</strong></span> <span class='ocrx_word' id='word_1_253' title='bbox 867 4217 984 4302; x_wconf 83' lang='lat' dir='ltr'><strong>exigua</strong></span> <span class='ocrx_word' id='word_1_254' title='bbox 1009 4239 1078 4303; x_wconf 88' lang='lat' dir='ltr'><strong>spes</strong></span> <span class='ocrx_word' id='word_1_255' title='bbox 1102 4239 1264 4303; x_wconf 90' lang='lat' dir='ltr'><strong>superesse</strong></span> <span class='ocrx_word' id='word_1_256' title='bbox 1281 4219 1372 4284; x_wconf 85' lang='lat' dir='ltr'><strong>vide·</strong></span> 
     </span>
     <span class='ocr_line' id='line_1_36' title="bbox 223 4326 1369 4414; baseline -0.003 -16"><span class='ocrx_word' id='word_1_257' title='bbox 223 4339 286 4398; x_wconf 88' lang='lat' dir='ltr'><strong>tur.</strong></span> <span class='ocrx_word' id='word_1_258' title='bbox 316 4369 357 4380; x_wconf 84' lang='lat'><strong>-</strong></span> <span class='ocrx_word' id='word_1_259' title='bbox 383 4329 424 4394; x_wconf 93' lang='lat' dir='ltr'><strong>In</strong></span> <span class='ocrx_word' id='word_1_260' title='bbox 448 4327 511 4391; x_wconf 88' lang='lat' dir='ltr'><strong>alio</strong></span> <span class='ocrx_word' id='word_1_261' title='bbox 536 4326 701 4411; x_wconf 89' lang='lat' dir='ltr'><strong>epitaphio</strong></span> <span class='ocrx_word' id='word_1_262' title='bbox 725 4327 858 4413; x_wconf 86' lang='lat' dir='ltr'><strong>vulgato</strong></span> <span class='ocrx_word' id='word_1_263' title='bbox 883 4329 923 4392; x_wconf 85' lang='lat' dir='ltr'><strong>ab</strong></span> <span class='ocrx_word' id='word_1_264' title='bbox 941 4329 1050 4394; x_wconf 89' lang='lat' dir='ltr'><strong>codem</strong></span> <span class='ocrx_word' id='word_1_265' title='bbox 1061 4329 1183 4394; x_wconf 88' lang='lat' dir='ltr'><strong>ibidem</strong></span> <span class='ocrx_word' id='word_1_266' title='bbox 1195 4349 1269 4414; x_wconf 84' lang='lat' dir='ltr'><strong>pag.</strong></span> <span class='ocrx_word' id='word_1_267' title='bbox 1286 4328 1369 4396; x_wconf 88' lang='lat'>151:</span> 
     </span>
    </p>
   </div>
   <div class='ocr_carea' id='block_1_7' title="bbox 183 4445 1326 4655">
    <p class='ocr_par' dir='ltr' id='par_1_13' title="bbox 183 4445 1326 4655">
     <span class='ocr_line' id='line_1_37' title="bbox 273 4445 1326 4543; baseline -0.001 -18"><span class='ocrx_word' id='word_1_268' title='bbox 273 4456 524 4540; x_wconf 79' lang='grc' dir='ltr'><strong><em>Πεντήκοντα</em></strong></span> <span class='ocrx_word' id='word_1_269' title='bbox 549 4453 667 4543; x_wconf 80' lang='grc' dir='ltr'><strong><em>τριῶν</em></strong></span> <span class='ocrx_word' id='word_1_270' title='bbox 691 4445 801 4523; x_wconf 78' lang='grc' dir='ltr'><strong><em>ἐτέων</em></strong></span> <span class='ocrx_word' id='word_1_271' title='bbox 832 4450 972 4523; x_wconf 79' lang='grc' dir='ltr'><strong><em>κύκλον</em></strong></span> <span class='ocrx_word' id='word_1_272' title='bbox 996 4446 1060 4536; x_wconf 79' lang='grc' dir='ltr'><strong>ἠδ’</strong></span> <span class='ocrx_word' id='word_1_273' title='bbox 1090 4451 1326 4527; x_wconf 76' lang='grc' dir='ltr'><strong><em>ἀνύσαντα</em></strong></span> 
     </span>
     <span class='ocr_line' id='line_1_38' title="bbox 183 4554 1160 4655; baseline -0.001 -20"><span class='ocrx_word' id='word_1_274' title='bbox 183 4621 184 4624; x_wconf 63' lang='lat'>,</span> <span class='ocrx_word' id='word_1_275' title='bbox 274 4565 393 4648; x_wconf 76' lang='grc' dir='ltr'><strong><em>αὐτὸς</em></strong></span> <span class='ocrx_word' id='word_1_276' title='bbox 417 4562 438 4634; x_wconf 90' lang='grc' dir='ltr'><strong>ὁ</strong></span> <span class='ocrx_word' id='word_1_277' title='bbox 463 4554 730 4655; x_wconf 81' lang='grc' dir='ltr'><strong>πανδαμάτωρ</strong></span> <span class='ocrx_word' id='word_1_278' title='bbox 754 4564 920 4654; x_wconf 82' lang='grc' dir='ltr'><strong><em>ήρπασιν</em></strong></span> <span class='ocrx_word' id='word_1_279' title='bbox 944 4559 1000 4644; x_wconf 78' lang='grc' dir='ltr'><strong>εἰς</strong></span> <span class='ocrx_word' id='word_1_280' title='bbox 1025 4557 1160 4651; x_wconf 84' lang='grc' dir='ltr'><strong><em>Ἀΐδην</em></strong></span> 
     </span>
    </p>
   </div>
   <div class='ocr_carea' id='block_1_8' title="bbox 0 0 1538 5312">
    <p class='ocr_par' dir='ltr' id='par_1_14' title="bbox 0 0 1538 5312">
     <span class='ocr_line' id='line_1_39' title="bbox 0 0 1538 5312; baseline 0 0"><span class='ocrx_word' id='word_1_281' title='bbox 0 0 1538 5312; x_wconf 95' lang='lat' dir='ltr'><strong> </strong></span> 
     </span>
    </p>
   </div>
  </div>
 </body>
</html>
