3054 5312
783 288 879 373 (2)

257 465 343 528 enim
366 465 528 550 digamma
552 472 618 532 tam
642 491 734 557 saepe
757 473 943 559 neglectum
966 472 1115 538 violentis
1138 469 1285 537 remediis
1309 471 1403 536 redu·

259 595 328 640 cere
351 576 546 661 periculosae
569 579 700 663 plenum
723 588 772 649 001
797 594 876 669 opus
900 584 995 648 aleae.

307 790 436 858 3209.
474 792 593 879 Magno
618 818 690 863 cum
713 802 856 867 tumultu
879 800 992 867 Graeci
1016 798 1056 862 ad
1087 797 1271 862 concionem
1305 800 1405 861 ruunt
1519 847 1520 854 1

261 905 454 972 amffim:

588 1089 638 1173 ὡς
663 1090 722 1162 ὅτε
744 1063 848 1183 κῦμα
870 1091 1176 1186 πολυφλοίσβοιο
1202 1091 1401 1176 θαλάσσης

261 1199 428 1295 αἰγιαλῷ
452 1202 626 1297 μεγαλῳ
650 1201 847 1299 βρέμεται,
875 1215 1070 1301 σμαραγεῖ
1089 1199 1135 1275 δέ
1153 1230 1191 1274 τε
1213 1205 1364 1285 πόντος.

308 1384 391 1460 Quid
414 1386 513 1451 faciat
536 1388 577 1452 ad
600 1411 667 1454 rem
690 1389 794 1455 litoris
817 1393 1007 1476 11109πὶ1010,
1024 1390 1272 1476 haudquaquam
1283 1389 1403 1474 perspi-

261 1499 318 1563 cio.
345 1499 457 1584 Neque
481 1500 567 1565 enim
589 1499 695 1566 locum
719 1502 847 1587 expedit
870 1501 1070 1587 ineptissima
1093 1501 1281 1566 scholiastae
1305 1501 1400 1566 adh.

260 1609 282 1673 l.
308 1610 500 1677 observatio:
526 1606 653 1691 καλῶς
675 1597 717 1678 δὲ
742 1608 811 1679 καὶ
835 1609 879 1679 τὸ
890 1608 1077 1703 μεγάλῳ,
1093 1609 1264 1700 ἐμφῆναι
1282 1609 1404 1682 uates

260 1720 341 1805 τὴν
363 1719 624 1813 παρατασιν
648 1727 735 1792 τῶν
760 1721 979 1814 κυμάτων.

307 1833 465 1921 Asperum
488 1835 565 1899 litus
590 1838 622 1900 et
645 1837 834 1922 scopulosam
858 1836 886 1899 si
910 1836 1042 1902 dixisset
1065 1839 1170 1922 poeta,
1195 1835 1328 1900 dixisset
1344 1835 1403 1900 ali-

158 1961 160 1966 ·
258 1949 345 2034 quid.
384 1949 565 2034 Asperitate
597 1949 683 2014 enim
706 1949 810 2014 litoris
834 1953 971 2034 augetur
992 1951 1150 2015 flnctuum
1173 1949 1306 2014 sonitus.
1343 1947 1406 2013 Sed

232 2125 235 2135 ,
258 2059 398 2127 Homero
422 2061 491 2126 sine
515 2061 730 2127 controversia
753 2061 963 2128 reddendum:

497 2244 661 2339 αἰγιαλῷ
685 2245 858 2338 μεγαλα
882 2244 1064 2338 βρέμεται
1089 2243 1162 2314 11ιεῖ

257 2438 294 2498 111
317 2437 401 2499 reete
424 2433 530 2500 editur
557 2436 591 2502 A
614 2435 696 2500 424:

258 2615 379 2701 κῦμα
405 2609 842 2703 θαλάσσης-πρῶτα
866 2607 1105 2703 κηρύσσεται,
1129 2605 1254 2703 αὐτοὶρ
1278 2601 1405 2678 ἔπειτα

257 2722 401 2818 χέρσῳ
433 2719 743 2816 ιτρηγνύμενον
766 2718 937 2814 μεγαλα
959 2715 1126 2813 βρέμει.

303 2895 463 2962 Promisee
487 2900 595 2962 autem
617 2901 768 2963 neutrum
791 2898 915 2983 plurale
938 2902 970 2963 01
994 2899 1156 2984 singulare
1175 2899 1408 2964 adiectivorum

257 3009 350 3095 iungi
375 3031 446 3076 oum
470 3007 575 3075 verbis
599 3009 734 3075 sonandi
758 3031 777 3074 a
801 3015 895 3096 poeta

331 3114 332 3117 ¹
997 3121 1111 3205 opinor

420 3233 569 3298 omnibus
592 3237 625 3297 et
649 3233 744 3319 lippis
767 3236 881 3297 notum
904 3236 937 3296 et
959 3231 1141 3304 tonsoribus
1166 3253 1242 3310 esse,

260 3346 296 3410 in
319 3367 383 3432 quo
406 3367 500 3410 101011
523 3343 702 3409 Horatiano
727 3341 807 3430 (sau
834 3343 859 3408 I.
889 3345 920 3421 7,
946 3343 993 3429 3),
1018 3343 1045 3406 si
1069 3343 1121 3408 cui
1144 3342 1225 3408 forte
1248 3365 1314 3408 non
1333 3365 1407 3429 per-

260 3459 395 3524 suaserit
429 3457 540 3542 magni
575 3454 715 3520 Bentleii
750 3455 930 3540 explicatio,
955 3455 1073 3540 poterit
1104 3477 1228 3520 mecum
1251 3455 1408 3540 suspicari

261 3565 433 3636 Horatium
456 3567 577 3634 dedisse
602 3565 684 3646 111111,
708 3571 747 3632 nt
770 3567 856 3632 dicat
879 3583 947 3632 rem
969 3563 1407 3653 gestamoliminprouincie

258 3664 369 3750 tritam
392 3704 459 3748 esse
483 3681 626 3747 omnium
649 3680 851 3764 garrulorum
873 3677 1142 3746 taminexercitu
1153 3679 1297 3744 Asiatico
1307 3697 1405 3764 quam

260 3797 295 3861 in
330 3797 399 3882 ipsa
434 3794 512 3858 urbe
547 3791 754 3858 sermonibus.
780 3791 882 3856 Licus
912 3796 1030 3871 autem,
1055 3792 1112 3876 qui
1135 3795 1285 3876 quaestus
1309 3811 1405 3854 eausa

258 3909 414 3975 exercitus
446 3909 612 3990 sequentes
645 3903 731 3968 cibos
755 3905 936 3970 vendebant
959 3903 1117 3969 militibus
1140 3903 1330 3987 garrulitate
1352 3903 1405 3966 in-

259 4021 367 4104 signes
389 4017 488 4081 fuisse
511 4016 581 4080 sine
605 4015 722 4080 diserto
746 4015 931 4080 testimonio
953 4014 1047 4079 facile
1071 4013 1236 4078 credimus.

255 4255 263 4276 ι
304 4221 332 4286 B
356 4222 438 4286 412:

282 4435 355 4503 Ζεῦ
380 4424 511 4516 κύὸιςε
534 4430 680 4523 μέγιςε,
703 4427 936 4516 κελαινεφές,
962 4426 1097 4519 αἰθέρι
1120 4425 1253 4506 ναίων,

280 4546 332 4634 μὴ
357 4541 464 4637 πρὶν
488 4539 550 4611 ἐπ’
574 4539 705 4625 ἠέλιον·
724 4531 863 4609 δῦναι
886 4535 955 4608 καὶ
979 4534 1039 4612 ἐπὶ
1064 4540 1210 4626 κνέφας
1235 4534 1373 4617 ἐλθεῖν,

284 4657 392 4751 πρίν
415 4678 463 4746 με
484 4651 584 4724 κοινοὶ
609 4649 745 4745 πρηνὲς
767 4643 921 4738 βαλέειν
945 4643 1144 4742 Πριάμοιο
1168 4645 1377 4740 μέλαθρον,
