3054 5312
761 307 882 394 (50)

248 499 282 558 ο,
297 483 356 546 25:
372 472 402 554 ὦ
425 485 553 568 πόποι,
581 487 632 568 ὡς
657 487 678 558 ὁ
703 490 901 584 μολοβρὸς
926 483 1186 585 ἐπιτροχάδην
1211 487 1378 584 α’γορείιει

376 601 461 692 γρηὶ
486 599 651 689 καμινόι
678 613 800 684 finos,
826 601 878 672 ὃν
901 603 956 672 ov
982 600 1395 694 κακάμητιααίμην

375 710 526 782 κόπτων
539 708 796 804 ἀμφοτέρῃσι,
810 715 945 805 χάμαι
959 707 1004 783 δέ
1011 739 1048 783 τε
1061 713 1213 792 πάντας
1226 707 1395 794 ὀδόντας

375 825 569 914 γναθμῶν
595 819 819 914 ἐξελάσαιμι
845 825 938 906 συὸς
961 824 1014 905 ὣς
1038 821 1287 917 ληιβοτείρης.

294 955 383 1022 Ηεεο
406 959 452 1023 iri
476 961 614 1026 mendici
639 962 680 1025 ad
704 963 852 1046 Ulyssem
877 964 980 1028 oratio
1004 963 1270 1046 vereornagravi
1283 961 1397 1028 mendo

247 1069 378 1135 laboret.
405 1071 471 1150 Vix
496 1073 582 1137 enim
606 1074 684 1138 satis
709 1079 783 1158 apte
806 1074 833 1138 is
857 1075 914 1159 qui
939 1076 1141 1141 vehementer
1165 1078 1249 1166 eupit
1267 1077 1398 1140 alterum

247 1183 327 1246 αιαλι
349 1185 493 1262 meleone,
519 1184 598 1249 dioit
621 1209 652 1250 ει
676 1187 803 1251 libenter
826 1188 911 1251 mala
935 1191 969 1252 ιἰι
982 1213 1050 1254 eum
1062 1187 1313 1252 machinaturum
1325 1180 1396 1252 esse.

247 1292 361 1358 Malim
386 1299 483 1360 uerte:

702 1421 753 1494 δν
777 1423 831 1490 άν
856 1425 1310 1513 κατατεικιοσαίμην

249 1529 297 1598 Of.
322 1533 409 1600 inira
433 1536 516 1601 220:

458 1652 543 1731 οἷον
567 1654 612 1748 δὴ
638 1654 724 1729 τόδε
750 1663 885 1754 τίργον
909 1656 969 1732 ε’νί
992 1661 1224 1755 μεγάροισιν
1236 1657 1396 1752 ἐτύχθη,

250 1767 294 1850 ὃς
318 1768 387 1842 τὸν
410 1769 536 1852 ξεῖνον
561 1769 684 1852 ἔασας
707 1772 1099 1859 άτεικισθῆμεναι
1127 1771 1259 1852 οὕτως,

248 1917 271 1983 i.
297 1942 324 1985 ι.
350 1915 688 2023 περιάπτονται.
726 1921 776 1986 of.
811 1919 958 2001 11345,
987 1906 1074 2000 ees,
1115 1921 1217 1999 rae,
1253 1919 1298 1986 x
1320 1919 1399 1998 ase,
1517 1883 1518 1952 ³

251 2031 331 2110 404,
356 2023 396 2097 Ω
420 2033 476 2110 22,
503 2031 556 2096 54.
1008 2068 1011 2074 -
1517 2051 1518 2070 ¹

296 2142 440 2208 Verbum
464 2145 676 2229 compositum
699 2145 820 2229 legitur
845 2167 879 2228 τ,
908 2145 941 2208 7:

404 2361 406 2366 ,
702 2279 780 2352 ἐπεὶ
808 2282 932 2352 ον’κέτι
958 2290 1064 2352 τοῖσι
1091 2285 1255 2352 τιταίνει
1281 2286 1399 2372 (arma)

301 2386 365 2463 οἶά
389 2418 475 2463 ποτε
503 2385 681 2486 Τροίηνδε
704 2391 800 2462 κιὼν
824 2389 1038 2463 κατέλειπεν
1060 2383 1281 2472 Ὀδυσσεύς,

298 2501 396 2574 άλλά
421 2507 678 2594 κατῄκιςαι,
704 2501 845 2574 ὅσσον
869 2501 986 2589 πυρὸς
1011 2503 1098 2572 ἵκετ’
1125 2499 1261 2592 άοτμή.

298 2665 344 2730 At
378 2664 480 2729 forma
516 2667 682 2728 eontracta
712 2653 916 2751 κατῄκιςαι
939 2665 1034 2752 apud
1070 2663 1247 2729 Homerum
1270 2665 1401 2729 tolerari

252 2777 382 2841 omnino
426 2776 549 2860 nequit,
592 2777 669 2861 quia
702 2775 835 2839 verbum
878 2775 997 2860 ubique
1041 2780 1089 2840 est
1124 2771 1400 2861 quadrisyllabum

252 2887 434 2972 ἀπεικάζω
467 2885 758 2975 (einsiedlensi),
791 2880 815 2951 u
865 2892 1049 2952 constanter
1080 2872 1203 2974 legitur
1233 2881 1399 2971 άτεικής,

253 2997 421 3083 άτεικείη
453 3002 597 3086 (αἴκεια
629 3022 696 3065 non
728 3000 797 3063 sino
827 3022 923 3064 eausa
947 2999 1118 3064 Elmsleius
1142 2998 1259 3062 statuit
1282 2997 1401 3063 Atticis

253 3113 342 3177 reddi
373 3116 518 3198 oportere
549 3133 606 3196 pro
639 3109 765 3198 αἰκία)
798 3106 1026 3189 άτεικέλιος,
1058 3105 1288 3188 άεεικελίως.
1327 3109 1400 3175 Non

252 3224 354 3308 igitur
377 3224 415 3287 de
439 3223 542 3288 nihilo
566 3245 632 3288 esse
654 3223 863 3306 censeoquod
876 3222 974 3290 sodex
987 3219 1198 3305 Augustanus
1211 3216 1399 3306 pronoen

253 3335 403 3400 exhibeat
426 3330 533 3413 ὅσον,
558 3335 613 3399 sed
636 3335 696 3398 hae
720 3334 864 3426 lectione
880 3337 1007 3417 recepta
1032 3331 1256 3418 corrigendum
1279 3354 1361 3398 esse:

323 3481 422 3552 άλλά
445 3486 780 3568 κατητιίκιςαι,
807 3480 916 3551 ὅσον
939 3479 1058 3574 πυρὸς
1082 3479 1171 3549 ἵκετ’
1194 3481 1332 3570 donna.

299 3639 383 3706 Utut
415 3620 524 3732 autem
554 3638 750 3703 iudicabitur
781 3637 819 3701 de
852 3636 1031 3721 corruptela
1063 3636 1127 3700 looi
1160 3657 1194 3713 α,
1221 3629 1288 3716 26,
1318 3635 1400 3700 hanc

252 3751 382 3835 quidem
405 3752 616 3816 certissimam
639 3771 706 3814 esse
730 3749 869 3813 arbitror
891 3749 1154 3815 emendationem.

152 4045 155 4048 ,
255 3995 287 4053 ο,
297 3974 355 4038 88:
372 3956 423 4053 ὧς
436 3993 548 4060 genno,
561 3972 617 4061 τῷ
631 3961 663 4038 δ’
676 3965 734 4037 ἔτι
746 3965 897 4056 μᾶλλον
908 3965 981 4037 ὑπὸ
994 3965 1137 4060 τρόμος
1149 3935 1289 4054 ἔλλαβε
1301 3974 1400 4058 yolo.

300 4119 460 4187 Sermonis
485 4118 649 4184 Homerici
672 4118 850 4203 proprietas
862 4139 933 4181 eam
945 4115 1081 4200 requirit
1092 4118 1288 4179 afflicturum
1303 4135 1401 4200 quam

253 4233 382 4318 antiqui
392 4230 596 4316 grammatici
608 4229 810 4316 appellarunt
825 4232 960 4315 σχῆμα
986 4225 1080 4292 καθ’
1094 4219 1185 4294 ὅλον
1197 4219 1265 4292 καὶ
1275 4224 1398 4314 μέρος.

254 4344 379 4410 Iniuria
401 4342 504 4428 igitur
526 4341 661 4407 editores
686 4340 826 4425 (praeter
848 4337 881 4402 la
905 4336 1023 4414 Ruehe,
1047 4340 1085 4400 ut
1108 4331 1400 4401 admonetmeNa-

254 4457 363 4542 barus)
387 4457 576 4541 spreverunt
598 4450 715 4519 oodiois
739 4449 857 4516 Veneti
880 4449 1064 4514 lectionemz

475 4586 526 4686 ὧς
550 4622 662 4690 φατο,
687 4593 766 4666 τὸν
790 4587 825 4662 δ’
849 4591 908 4663 ἔτι
932 4589 1082 4681 μάλλον
1107 4589 1179 4661 κτὲ.
