3054 5312
246 487 334 560 quae
359 471 520 536 contenta
547 461 650 533 unico
677 487 776 534 versu
803 463 876 533 468
904 462 1015 533 verbis
1042 461 1176 537 constat
1200 489 1308 562 paene
1322 472 1394 536 tota

244 599 379 686 iisdem,
398 623 487 696 quae
512 599 679 695 leguntur
704 598 739 669 in
765 597 840 670 loco
868 596 1044 695 Odysseae
1070 565 1173 687 m,
1194 601 1279 673 mihi
1293 599 1392 672 valde

244 743 402 832 suspecta
430 744 493 808 est.
539 733 740 806 Scamandri
770 733 947 829 epitheton
970 731 1184 838 dedendam
1215 735 1392 807 hominem

240 867 334 939 haud
359 892 500 965 prorsus
521 866 689 963 ineptum,
715 866 776 939 sed
789 866 1036 940 immemorem
1049 869 1183 940 Biante‘i
1204 867 1388 966 praecepti,

241 1001 382 1075 fortasse
411 1001 529 1088 movit,
557 1011 597 1074 ut
621 1002 680 1075 hio
706 1001 914 1075 versiculum
939 1027 979 1074 ex
994 1003 1149 1098 Odyssea
1162 1003 1387 1076 intercalaret.

289 1135 424 1209 Deinde
463 1135 581 1208 Iliadis
621 1137 658 1204 Γ
680 1162 727 1208 vs.
774 1139 843 1209 153
886 1139 1043 1233 spurium
1084 1163 1158 1210 esse
1183 1137 1388 1211 crediderim

239 1267 351 1342 tribus
372 1269 573 1367 praesertim
601 1269 644 1342 de
671 1270 796 1346 causis,
838 1269 929 1342 Nam
956 1280 991 1342 et
1017 1271 1149 1345 otiosus
1173 1282 1225 1345 est
1243 1281 1276 1344 et
1291 1297 1388 1345 senes

238 1401 289 1476 illi
315 1429 335 1478 a
362 1401 454 1476 bello
481 1412 651 1477 cessantes
672 1404 788 1501 inepte
804 1412 972 1476 vocantur
998 1404 1137 1498 Τρώων
1153 1407 1341 1501 ἡγήτορες,
1355 1416 1390 1479 et

238 1538 426 1613 Homerica
452 1565 520 1613 non
547 1539 685 1613 videtur
710 1539 820 1612 forma
846 1528 939 1625 ἧντο
965 1569 1027 1641 pro
1051 1543 1143 1612 ἕατο
1169 1569 1194 1617 s.
1222 1543 1327 1613 εἴατο

286 1654 380 1727 Loco
397 1651 438 1726 Ω
453 1659 523 1730 237
540 1656 622 1747 (vid.
640 1681 672 1750 p.
689 1660 750 1746 37)
767 1653 1007 1740 Πηλεΐωνάδ’
1020 1661 1089 1734 iam
1102 1662 1225 1758 legisse
1238 1664 1386 1737 Alexan·

237 1770 354 1844 drinos
395 1782 535 1870 apparet
571 1798 612 1845 ex
647 1771 825 1868 Apollonii
858 1775 987 1848 Rhodii
1012 1777 1205 1852 imitatione
1230 1780 1286 1852 HI
1313 1784 1386 1854 647

237 1883 610 1984 αὐτοκασιγνήτηνδε
636 1890 828 1965 scribentis,
880 1892 967 1965 Inde
993 1903 1109 1967 tamen
1135 1922 1203 1968 non
1229 1898 1386 1996 sequitur

236 2001 430 2076 Homerum
459 2005 506 2077 ita
532 2006 680 2080 dedisse.
