3054 5312
744 279 756 364 (
784 279 825 341 18
852 280 865 363 1

245 465 377 530 seriores
401 469 510 530 autem
538 463 711 549 rhapsodos
740 485 808 529 rem
839 485 906 528 non
930 461 1067 547 amplius
1091 460 1311 548 intellegentes
1333 483 1386 526 nec

245 577 394 641 curantes
417 579 521 642 totam
543 575 639 640 huius
662 575 726 641 loci
749 573 864 640 faeiem
892 576 1041 638 mutasse.
1080 570 1201 640 Vereor
1222 575 1330 638 tamen
1350 593 1388 637 ne

246 682 324 750 haec
348 683 457 769 opinio
481 684 606 749 acutius
631 684 674 749 sit
696 705 794 769 quam
817 681 1015 768 probabilius
1039 680 1230 766 excogitata.
1256 679 1339 748 Nam
1354 683 1389 746 ut

247 793 384 858 concedo
408 793 490 859 miro
513 815 591 859 sane
615 814 691 860 casu
714 797 853 879 quatuor
874 791 931 856 illa
954 789 1166 857 Troianorum
1193 791 1324 857 nomina
1346 788 1389 856 ita

246 925 314 969 esse
338 907 522 989 comparata
545 909 583 970 ut
606 905 756 992 aliquam,
772 903 909 990 speciem
933 885 1103 969 conciliare
1125 903 1295 969 rideantur
1317 900 1389 966 Em·

245 1015 395 1101 perianae
429 1017 655 1098 observationi,
687 1017 735 1083 ite
765 1020 875 1082 tamen
905 1036 976 1081 meo
1007 1015 1076 1080 iure
1108 1015 1265 1108 oentendo
1295 1035 1390 1082 unum

247 1119 455 1216 Πυλάρτην
479 1149 513 1192 re
537 1149 612 1200 vera
636 1149 703 1194 esse
727 1127 874 1192 Plutonis
904 1125 1080 1214 epitheton,
1098 1130 1202 1199 cetera
1225 1148 1300 1193 vero
1317 1147 1389 1191 nus·

246 1257 344 1321 quam
368 1237 414 1302 sic
437 1241 592 1324 usmpata
615 1239 757 1326 reperiri.
783 1238 870 1304 Nam
893 1237 1012 1303 dicitur
1027 1238 1157 1324 quidem
1170 1228 1390 1316 πάνδοκεάς,

246 1366 313 1411 non
337 1337 544 1428 πάνδοκος,
568 1339 783 1440 λύσανδρος
806 1369 882 1414 vero
906 1343 1157 1439 1111πάράσος
1180 1351 1391 1436 nusquamst

250 1453 440 1548 Πάρασος
464 1480 538 1523 oum
560 1455 661 1547 πυρά
685 1464 742 1525 aut
766 1460 840 1551 τυῦρ
864 1483 902 1526 ex
916 1481 987 1526 mea
998 1456 1129 1545 quidem
1140 1461 1292 1548 opinione
1303 1482 1390 1547 prae-

246 1573 296 1634 ter
319 1568 412 1654 ipsas
435 1569 545 1635 literas
568 1570 651 1636 nihil
674 1570 773 1637 habet
796 1593 972 1636 commune.
1010 1571 1096 1637 Urbs
1121 1577 1190 1639 erat
1213 1572 1390 1640 Thessaliae

247 1678 325 1744 olim
349 1678 395 1744 sic
418 1677 515 1758 dicta,
539 1685 651 1765 postea
666 1680 897 1771 Δημήτριον,
909 1681 945 1748 in
958 1681 1104 1767 catalogo
1116 1680 1298 1749 narirrmB
1311 1681 1389 1747 695:

294 1838 335 1911 οἳ
358 1835 394 1911 δ’
416 1835 527 1934 εἶχον
552 1840 732 1929 Φυλάκην
755 1842 826 1914 καὶ
850 1845 1084 1938 Πύρασον
1107 1843 1361 1939 ἀνθεμόεντα,

298 1954 534 2046 Δήμητρος
557 1957 757 2045 τέμενος,
783 1952 857 2025 κτὲ.

251 2115 304 2182 sbi
327 2117 443 2183 ultima
466 2119 564 2184 verba
587 2119 754 2206 aliquanto
782 2116 1037 2204 verisimiliorem
1066 2121 1203 2188 reddunt
1228 2123 1390 2196 Gramma·

248 2227 385 2300 tioorum
407 2232 550 2294 veterum
574 2230 769 2316 opinionem,
793 2247 911 2296 nomen
935 2230 1114 2297 derivatum
1138 2255 1206 2322 esse
1230 2229 1390 2323 απυρός,

247 2361 305 2426 pro
328 2362 393 2426 qua
417 2341 614 2407 derivatione
637 2346 762 2439 pugnat
786 2364 913 2428 quoque
936 2343 1092 2428 producta
1114 2346 1275 2414 vocalisY
1280 2364 1391 2433 ‚quam

246 2451 282 2516 in
305 2449 404 2544 πυρά
428 2457 461 2518 et
484 2453 609 2518 casibus
634 2452 772 2538 obliquis
796 2455 897 2519 subst.
872 2454 996 2545 tario
1019 2455 1148 2522 brevem
1167 2480 1235 2525 esse
1259 2457 1388 2524 constat.

293 2562 425 2628 Missa
416 2563 478 2648 igit
479 2585 518 2627 ur
463 2560 597 2629 tilla
621 2564 782 2650 opinione,
806 2587 889 2670 qnae
906 2568 1000 2630 estto
981 2565 1065 2631 citius
1078 2567 1304 2654 d1sputatroms
1316 2565 1392 2634 Use-

245 2675 397 2740 nerianae
419 2658 550 2755 fundus,
574 2675 747 2741 referamus
770 2677 913 2742 verba
892 2674 960 2744 εττί
977 2699 1016 2744 τε
1035 2673 1390 2773 λῐνῆγάγεὸάίμων

246 2789 287 2853 ad
315 2786 459 2866 Aiacem,
488 2810 553 2873 quo
577 2792 745 2875 conspecto
768 2789 900 2854 Troiani
923 2789 1072 2856 vulnerat
1057 2792 1128 2856 tum
1151 2791 1301 2879 Ulyssem
1322 2809 1389 2878 pre-

245 2902 367 2965 mentes
397 2897 572 2984 diffugiunt
605 2890 763 2979 ἄλλυδις
792 2895 920 2981 ἄλλος,
949 2923 1016 2967 non
1044 2900 1139 2968 aliter
1172 2928 1271 2991 quam
1295 2903 1390 2976 θῶες

246 3031 372 3075 cervam
395 3009 536 3076 sauciam
559 3010 747 3076 devorantes
772 3012 958 3097 diffugiunt,
979 3015 1261 3100 conspectoleone.
1287 3013 1390 3080 Verba

245 3124 354 3187 autem
377 3117 502 3211 άυτάρ
527 3113 548 3188 ὁ
573 3111 717 3200 δάπτει,
741 3144 824 3207 quae
847 3121 931 3187 trust
916 3126 968 3187 tra
991 3127 1090 3207 negot
1090 3124 1123 3188 ia
1147 3129 1297 3192 crearunt
1314 3122 1390 3190 Use-

244 3254 333 3312 nero,
357 3232 512 3297 nonalia
536 3232 574 3297 de
599 3254 694 3298 causa
717 3237 812 3319 poeta
777 3232 1095 3319 taddiditquam
1085 3239 1122 3300 ut
1139 3258 1303 3347 apparere
1292 3230 1391 3321 tquid

243 3335 369 3410 leonem
393 3344 569 3409 adduxerit.
596 3342 799 3430 Quantopere
823 3347 931 3409 autem
954 3344 1113 3411 Homerus
1137 3347 1199 3413 sibi
1223 3322 1390 3437 placeatin

244 3455 296 3543 ple
279 3477 340 3520 ena
368 3454 520 3539 imaginis
548 3454 695 3540 descript
686 3477 769 3534 rone,
806 3455 896 3519 cuius
920 3477 986 3560 non
1007 3456 1072 3520 nisi
1102 3480 1176 3543 pars
1207 3453 1392 3545 respondeat

243 3567 290 3633 rei
314 3569 526 3651 comparatae,
551 3588 623 3630 cum
647 3566 683 3630 in
706 3565 821 3649 vulgus
835 3567 903 3628 vnot
904 3587 958 3629 um
970 3570 1028 3646 est,
1041 3571 1113 3633 tum
1128 3591 1280 3657 apparere
1290 3565 1391 3656 potest

246 3679 280 3743 '111
303 3679 381 3764 ipsis
405 3676 610 3762 sequentibus
634 3699 673 3741 ex
697 3697 781 3741 nova
805 3677 1041 3762 comparatione
1065 3678 1175 3747 Aiacis
1207 3703 1281 3748 cum
1303 3679 1390 3744 leone

245 3813 327 3877 quae
349 3788 469 3874 legitur
494 3787 689 3867 548-557,
726 3787 816 3852 cuius
840 3809 965 3852 summa
987 3788 1066 3855 haee
1089 3795 1148 3870 est,
1173 3792 1307 3862 Aiacem
1330 3791 1391 3852 tor·

246 3921 315 3964 rore
338 3896 519 3982 perculsum
543 3895 652 3960 cedere
674 3895 822 3962 Troianis
845 3917 913 3961 non
936 3897 1031 3962 aliter
1052 3920 1150 3983 quam
1174 3899 1224 3966 leo
1248 3900 1284 3966 in
1297 3897 1389 3962 boves

245 4012 402 4097 impetum
424 4007 567 4072 facturus
591 4007 675 4072 cedit
699 4008 831 4073 canibus
855 4011 888 4073 et
910 4008 1048 4074 rusticis.
1075 4005 1123 4075 Of.
1137 4009 1188 4078 M
1198 4002 1390 4078 300-309,

250 4115 283 4192 0
308 4119 504 4195 262-280,
530 4118 596 4182 362
621 4139 703 4204 sqq.‚
729 4115 778 4185 ΙΙ
798 4118 864 4184 825
877 4140 945 4204 sqq.

296 4335 347 4406 M
368 4336 448 4402 141²
476 4325 517 4402 Οἳ
538 4322 572 4400 δ’
596 4320 681 4418 ⁷th
704 4331 804 4413 εἵως
827 4329 913 4434 μὲν
944 4316 1180 4421 ἐυκνήμιδας
1202 4322 1391 4426 Ἀχαιούς

480 4441 627 4536 ⁶3va
650 4437 764 4515 5'2'302‘
788 4441 916 4525 ἐόντες
940 4438 1163 4530 ἀμύνεσθαι
1188 4439 1387 4540 capiunda.

217 4567 221 4574 .
298 4597 336 4669 Ν
357 4596 439 4666 143:
466 4575 518 4673 ὧς
541 4589 687 4686 Ἕκτωρ
710 4591 811 4673 εἵως
833 4589 919 4680 μὲν
944 4587 1086 4662 ἀπείλεε
1110 4593 1185 4666 κτὲ.
