3054 5312
712 253 832 341 (64)

202 466 329 512 neeesse
352 446 410 509 est.
435 442 544 528 Ipsam
566 442 705 507 formem
729 437 913 528 ἐβήσατο,
930 443 1006 507 lieet
1022 441 1346 508 Hermennieneedi-

201 559 248 623 tio
272 555 339 622 iem
362 555 510 621 exhibent
534 544 704 642 ἐβήσετο,
729 575 899 638 perperam
923 547 1087 620 revoeevit
1111 554 1138 634 I,
1165 554 1209 618 49
1222 556 1255 619 et
1268 555 1347 620 reti·

203 669 276 733 nuit
306 661 547 753 κατεβήσατο
579 663 631 727 ΙΙΙ
668 666 751 742 232;
787 656 902 742 οἶδας
939 665 1001 745 ΠΙ,
1027 665 1094 730 456
1119 688 1178 751 pro
1205 657 1344 745 οἷσθα;

205 779 247 862 V,
276 779 340 844 170
365 767 598 845 κυδιάουσαι
622 797 680 861 pro
704 766 927 856 κυδιόωσαι,
958 778 1045 862 quod
1067 778 1210 843 restituit
1233 777 1347 842 Ruhn-

204 891 330 970 kenius,
354 889 428 954 ulie.
453 887 635 954 Barbarum
659 889 708 952 est
729 888 815 972 quod
837 888 957 972 legitur
980 889 997 953 I
1018 911 1066 954 us.
1081 889 1148 954 443
1164 921 1205 944 =
1219 888 1266 969 Π,
1280 888 1346 953 265

279 1054 321 1140 ἐς
344 1050 526 1128 δ’άδυτον
548 1051 762 1128 κατέδυσε
787 1051 854 1127 διά
878 1048 1067 1152 τριπόδων
1090 1059 1281 1150 ἐριτίμων.

204 1214 296 1282 verbi
331 1215 417 1280 enim
452 1215 483 1279 h.
521 1216 542 1279 l.
581 1216 670 1281 notio
707 1216 918 1281 intransitive
953 1217 1040 1281 hund
1076 1217 1171 1282 dubie
1206 1219 1350 1302 postulet

206 1318 434 1398 κατέδυνε.
460 1325 508 1393 uf.
536 1351 565 1392 v.
591 1349 616 1392 e.
643 1327 706 1408 ΠΙ,
733 1329 797 1394 237
826 1325 1013 1420 σπάργαν’
1040 1324 1114 1396 ἔσω
1133 1320 1350 1400 κατέδυνε

206 1434 370 1525 θυήεντ’.
395 1437 482 1518 Alie,
507 1439 545 1504 de
569 1440 687 1524 quibus
712 1440 944 1538 controversie¹
957 1462 1024 1506 esse
1036 1441 1148 1526 possit,
1163 1442 1252 1508 velut
1263 1445 1350 1528 quod

207 1549 270 1631 ΠΙ,
296 1549 363 1615 243
388 1549 440 1614 edi
463 1549 589 1615 malim:

299 1723 379 1814 γνῶ
404 1711 534 1789 δὐόδ
558 1719 735 1814 ἠγνοίησε
762 1720 860 1802 Διὸς
884 1717 953 1790 καί
975 1721 1152 1806 Λητόος
1176 1721 1266 1805 υἱός

204 1925 263 1990 pre
286 1902 391 1970 forme
415 1871 582 1969 contrecta
606 1899 767 1984 Λητοῦς,
792 1925 880 1968 nunc
904 1904 1006 1970 sciens
1030 1906 1234 1991 prudensque
1254 1907 1351 1972 omit-

202 2019 280 2096 tam,
304 2015 505 2081 transiturus
529 2014 571 2078 ed
593 2014 702 2099 paullo
726 2014 857 2080 meiere

249 2293 369 2382 Hymn.
394 2295 430 2360 in
454 2293 639 2380 Apollinem
662 2293 803 2376 Delium,
829 2296 921 2362 init:

251 2455 466 2546 Μνήσομαι
489 2448 577 2524 οὐδὲ
600 2452 788 2546 λάθωμαι
814 2455 1053 2540 ’Λπόλλωνος
1079 2457 1245 2543 ἑκάτοιο,

250 2563 296 2637 ὅν
321 2591 360 2635 τε
384 2561 472 2636 θεοί
493 2563 594 2636 κατά
618 2557 732 2653 δῶμα
760 2565 858 2648 Διὸς
881 2571 1107 2659 τρομέουσιν
1132 2569 1257 2643 ἰόντα·

252 2678 325 2747 καί
343 2674 391 2770 ῥά
415 2677 448 2744 τ’
472 2674 734 2749 ἀναΐσσουσιν
759 2673 968 2772 ἐπισχεδὸν
993 2678 1227 2773 ἐρχομένοιο

253 2790 392 2869 πάντες
415 2787 481 2877 ἀφ’
506 2781 665 2878 ἑδράων,
689 2786 749 2858 ὅτε
774 2783 949 2879 φαίδιμα
973 2791 1067 2872 τόξα
1093 2799 1266 2867 τιταίνει.

253 2897 367 2983 Λητὼ
390 2891 424 2967 δ’
450 2900 511 2982 οὶή
534 2899 677 2990 μίμνε
702 2900 824 2990 παραὶ
852 2899 922 2970 Διί
945 2903 1229 2998 τερπικεραύνῳ,

251 3013 273 3098 ή
298 3009 347 3101 ῥα
371 3007 468 3100 βιόν
492 3012 524 3077 τ’
550 3003 744 3101 ἐχάλασσε
768 3007 838 3080 καί
862 3010 1008 3099 έκλήισε
1033 3018 1232 3109 φαρέτρην.

246 3205 331 3293 ‘Non
367 3227 499 3313 expedio
523 3251 618 3293 usum
637 3234 792 3318 temporis
816 3237 1007 3322 imperfecti,
1032 3244 1088 3307 ubi
1113 3248 1222 3331 egitur
1245 3250 1284 3316 de
1308 3276 1353 3334 re,

208 3361 291 3425 quee
315 3360 353 3404 ex
376 3341 483 3404 mente
507 3343 619 3424 poetae
643 3363 709 3406 non
733 3345 811 3410 olim
832 3351 962 3413 tentum
986 3351 1094 3434 fiebat,
1108 3358 1163 3422 sed
1175 3360 1354 3430 etiamnum

208 3452 281 3518 fieri
314 3451 441 3516 essolet.
482 3451 534 3516 Ite
565 3452 651 3516 enim
683 3459 740 3520 ent
763 3455 930 3525 Praesenti
954 3485 1033 3548 opus
1057 3472 1116 3547 est,
1141 3473 1236 3536 utin
1259 3499 1355 3560 pree-

210 3563 340 3649 gressie‚
359 3564 422 3626 ‘eut
445 3559 577 3626 Aorieto
602 3565 639 3626 ut
662 3564 923 3650 insequentibus.
951 3572 1025 3640 Vid.
1047 3598 1230 3664 quoquere.
1249 3587 1351 3674 7sqq.

210 3675 282 3740 Iam
305 3673 382 3760 quie
405 3671 562 3737 Praesens
585 3678 689 3740 metro
713 3679 905 3762 excluditur,
931 3687 1157 3774 corrigendum
1181 3697 1339 3767 arbitror:

282 3833 395 3918 Λητὼ
419 3827 455 3903 δ’
481 3835 542 3917 οὶή
566 3828 711 3925 ε”μεινε
734 3841 857 3934 παραὶ
884 3845 952 3916 Διὶ
978 3856 1261 3952 τερπικεραύνῳ.

210 4004 315 4072 Simili
338 4003 418 4068 vitio
441 4003 627 4069 liberandus
651 4009 700 4071 eet
721 4007 807 4073 infre
830 4033 875 4076 τε.
890 4013 985 4102 ¹142:

257 4163 392 4236 ἄλλοτε
414 4166 490 4256 μέν
513 4167 543 4234 τ’
566 4163 628 4236 ἐπί
649 4168 813 4242 ,Κάνθον
836 4168 994 4263 ἑβήσεο
1018 4183 1310 4273 παιπαλόεντος,

257 4279 390 4350 ἄλλοτε
414 4267 501 4351 δἀὗ
526 4283 666 4368 νήσους
690 4309 727 4352 τε
750 4285 817 4354 καί
842 4286 984 4382 άνέρας
1007 4291 1207 4385 ήλάσκαζ
1213 4327 1266 4387 ες,

210 4443 260 4508 uti
282 4441 409 4507 librarii
440 4442 510 4528 ipse
536 4443 625 4507 verbi
657 4445 770 4529 speeie
793 4447 915 4533 decepti
940 4452 1136 4537 seripserunt
1158 4485 1218 4546 pro
1242 4488 1352 4533 neees-

209 4554 294 4620 sario
318 4554 480 4640 praesenti
504 4549 786 4638 ήλασκάζεις.
813 4557 860 4624 Of.
889 4556 1149 4657 ἐπιτέρπεαι
1173 4596 1218 4639 τε.
1248 4578 1322 4644 146.
1435 4628 1439 4637 .
