3054 5312
652 272 771 355 (69)

187 457 311 523 Ibidem
337 458 397 525 762
486 489 487 492 ¹

503 584 632 677 δολίης
656 585 690 660 δ’
717 591 763 661 οιί
786 589 924 679 λήθετο
946 591 1100 694 τέχνης.

185 694 361 772 σάνδαλα
386 696 420 770 δ’
445 690 516 770 ευτ’
542 697 692 795 ἔρριψεν
716 698 775 773 ε’πί
802 704 1009 791 ψαμάθοις
1035 699 1200 787 ἁλίῃσιν,

185 809 328 902 άφρας’
355 805 411 899 ἠδ’
437 811 583 897 άνόητα
607 806 773 883 διέπλεκε
799 811 988 902 θαυματά
1012 807 1101 906 ἔργα

135 1009 137 1025 ,
186 925 416 1016 συμμίσγων
437 924 605 1016 μυρίκας
628 923 697 993 καί
718 917 1011 1016 μυρσινοειδέας
1034 921 1158 1008 ὄζους.

185 1036 262 1103 τῶν
286 1033 369 1103 τότε
395 1026 591 1120 συνδήσας
616 1032 840 1119 νεοηθηλέος
865 1032 1037 1127 ἄγκαλον
1060 1032 1162 1118 υλης,
1294 1121 1295 1126 ¹

185 1139 398 1234 ἀβλαβέως
421 1143 494 1215 ὑπὸ
518 1145 662 1218 ποσσίν
687 1138 853 1232 ἐδήσατο
878 1138 1055 1216 σάνδαλα
1074 1148 1213 1234 κοῦφα,

185 1253 365 1328 αιίτοῖσιν
389 1255 621 1339 πετάλοισιν,
648 1249 915 1352 ὁδοιπορίην
938 1255 1164 1329 ἀλεείνων.

182 1428 326 1495 »Locum
350 1431 396 1495 sio
418 1431 593 1515 intellego''
620 1431 667 1496 eit
690 1430 896 1496 Hermannus
920 1408 981 1495 eut
1010 1429 1130 1495 cavisse
1153 1428 1281 1493 dicetur

134 1541 324 1623 Mercurius,
348 1566 389 1607 ne
412 1543 545 1628 pedibus
569 1546 607 1607 ut
630 1543 735 1608 vietor
757 1543 988 1628 ingrederetur,
1013 1541 1116 1606 etita
1144 1535 1281 1621 vestigia

135 1654 255 1738 pedum
277 1654 507 1740 relinqueret.''
534 1652 637 1729 Quam
661 1654 960 1740 interpretationem
975 1652 1166 1718 recentiores
1181 1651 1282 1715 iuter-

135 1768 261 1849 pretes¹
278 1787 389 1830 omnes
425 1765 526 1830 secuti
566 1769 652 1830 sunt.
705 1764 887 1850 Perpetem,
925 1765 952 1829 si
976 1764 1055 1849 quid
1079 1764 1181 1841 video,
1205 1759 1283 1846 quie

137 1866 429 1965 odoeuope'nnihil
438 1876 1051 1962 aliudestquemiter(terreetre),iteque
1060 1864 1284 1964 ὁδοιπορίην

135 1979 316 2054 α’λεείνων
336 1988 499 2073 significet
523 1991 583 2054 iter
605 1992 732 2052 evitare.
767 1986 839 2052 Hoc
861 2009 937 2053 vero
962 1982 1282 2052 reetetentummodo

137 2096 297 2162 diceretur
320 2099 359 2162 de
383 2121 420 2164 eo
443 2100 500 2184 qui
525 2102 582 2163 eut
607 2099 669 2163 iter
693 2099 825 2163 omnino
848 2120 916 2163 non
941 2097 1069 2175 feceret,
1094 2098 1151 2160 eut
1173 2093 1286 2158 volens

136 2206 270 2291 pedibus
305 2209 440 2275 humum
475 2233 542 2276 non
572 2214 732 2295 tangeret,
766 2211 875 2294 itaque
899 2232 966 2274 non
990 2209 1075 2274 cedit
1097 2208 1134 2272 in
1157 2205 1283 2270 Mercu-

137 2319 231 2400 rium,
255 2322 313 2406 qui
337 2322 472 2387 artifieio
495 2322 552 2387 illo
577 2322 691 2400 utitur,
729 2324 765 2384 ut
789 2320 926 2405 vestigia
949 2320 1099 2386 humenis
1124 2317 1283 2383 absimilia

140 2430 321 2517 relinquens
345 2435 405 2499 iter
428 2459 518 2498 ceum
542 2435 660 2500 celaret.
687 2431 735 2498 of.
754 2432 851 2497 verbe
863 2429 1025 2518 Apollinis
1037 2431 1123 2496 infra
1136 2453 1182 2497 vs.
1197 2431 1281 2495 222:

135 2619 299 2713 βήματα
325 2616 360 2691 δ’
387 2623 465 2694 οὔτ’
490 2617 635 2713 ἀνδρὸς
659 2616 749 2692 τάδε
772 2626 948 2718 γίγνεται
974 2624 1058 2695 οὔτε
1080 2619 1279 2718 γυναικός,

135 2736 222 2806 οὔτε
248 2733 370 2806 λύκων
392 2735 537 2807 πολιῶν
563 2733 642 2805 οὔτ’
668 2734 818 2827 ἄρκτων
842 2735 925 2805 οὔτε
949 2733 1123 2807 λεόντων.

134 2846 219 2917 οὔτε
243 2872 281 2914 τι
306 2851 514 2941 κένταυρον
538 2845 784 2938 λασιαυχένα
809 2844 976 2937 ἔλπομαι
1000 2840 1114 2927 εἶναι,

135 2956 224 3045 ὅςις
247 2971 335 3030 τοῖα
359 2957 505 3052 πελωρα
530 2955 639 3048 βιβᾷ
663 2959 755 3029 ποσί
780 2957 1098 3050 καρπαλίμοισιν.

181 3181 331 3247 Universi
354 3180 456 3265 igitur
478 3179 541 3244 loci
565 3179 648 3245 ratio
661 3184 709 3245 est
721 3182 768 3245 ita
780 3183 958 3267 perspicue,
971 3187 1008 3248 ut
1019 3184 1133 3268 quovis
1146 3181 1280 3267 pignore

135 3293 327 3357 contendam
350 3313 484 3376 puerum
507 3291 641 3355 verbum
664 3287 848 3361 άλεείνειν
864 3294 1069 3379 ignorantem
1083 3294 1121 3359 de
1134 3292 1196 3358 loci
1208 3313 1281 3356 sen-

133 3403 236 3468 tentia
247 3404 492 3487 interrogatum,
512 3423 740 3486 responsurum
751 3426 818 3468 esse
831 3405 928 3470 verbo
945 3405 1057 3490 ignoto
1069 3405 1281 3489 probabiliter

133 3515 235 3581 inesse
259 3517 378 3581 celandi
400 3517 574 3580 notionem.
612 3513 680 3579 Nos
705 3538 744 3580 ex
768 3515 908 3582 Homero
933 3519 1091 3582 διιίεαιιάί
1113 3517 1278 3581 notionem

134 3628 220 3693 docti
244 3626 444 3713 negabimus,
470 3647 569 3710 eaque
592 3626 655 3691 hue
679 3649 746 3692 non
768 3629 947 3712 quadrante
970 3629 1011 3693 ed
1027 3627 1278 3692 incitasredaoti

134 3739 342 3832 clamabimus
365 3739 471 3803 locum
495 3759 562 3803 esse
584 3743 779 3823 corruptum.
805 3740 888 3807 Ecce
911 3743 1019 3806 eutem
1042 3741 1155 3825 hymni
1167 3739 1278 3804 lectio-

134 3874 208 3917 nem
229 3853 400 3936 pergentes
424 3848 542 3913 iterum
564 3849 601 3914 in
623 3850 733 3940 eodem
745 3852 842 3916 verbo
854 3853 1057 3918 haerebimus
1069 3874 1114 3918 vs.
1130 3852 1196 3917 237
1215 3873 1276 3936 sq„

133 3964 198 4043 ubi,
235 3983 308 4029 cum
344 3959 461 4047 Apollo
496 3961 592 4025 boves
623 3960 710 4026 furto
743 3962 896 4030 abductas
928 3986 1083 4049 queerens
1118 3964 1208 4030 venit
1238 3963 1274 4026 in

133 4073 237 4139 Maiae
260 4076 400 4151 antrum,
422 4072 539 4138 dicitur
562 4071 600 4136 de
623 4072 733 4136 eodem
756 4071 929 4140 Mercurio:
1234 4120 1259 4172 0

135 4217 325 4312 σπάργαν’
350 4211 421 4286 ε”σω
444 4208 811 4317 κατεδυνεάυήενπ·
835 4216 935 4302 ἠΰτε
958 4215 1120 4304 πολλήν

133 4324 723 4424 πρέμνωνάνθρακίηνοάλη
744 4321 911 4408 σποδὸς
924 4326 1272 4420 ἀμφικαλύπτει,

135 4430 186 4524 ὧς
212 4439 353 4534 Ἑρμής
376 4436 581 4533 Ἑκάεργον
607 4432 702 4510 ἰδὼν
726 4437 931 4512 άλέεινέν
957 4438 974 4508 ί
1002 4439 1154 4510 αὐτόν.

179 4593 263 4669 Quid
287 4591 438 4655 hocloco
462 4589 625 4668 faciemus,
650 4589 705 4653 ubi
728 4611 838 4653 rursus
861 4591 1030 4656 manifesto
1058 4595 1152 4675 poete
1176 4589 1272 4654 verbo
