3054 5312
496 1151 1087 1263 Prrnnnourrun„
1218 1288 1219 1292 ψ

274 1733 391 1807 Huius
415 1733 524 1806 libelli
551 1756 639 1830 pars,
667 1756 756 1828 quae
782 1731 927 1803 Iliadem
955 1739 1088 1830 spectat
1111 1738 1146 1802 et
1165 1728 1395 1823 Odysseam„

224 1866 292 1938 iarn
319 1893 397 1940 vere
423 1867 505 1940 anni
531 1865 679 1964 proximi
704 1866 820 1938 oblata
846 1875 898 1938 est
925 1866 1134 1940 Academiae
1159 1862 1288 1960 Regiae
1302 1859 1369 1931 dis-

226 2001 426 2100 ciplinarum
452 1999 737 2084 Nederlandicae,
764 2000 964 2098 prodiitque
996 1999 1195 2098 nuperrime
1221 1997 1256 2068 in
1290 1996 1369 2067 Ver·

124 2183 126 2188 -
227 2139 337 2232 alopen
377 2164 415 2211 en
457 2137 730 2228 Mededeeliuceu
770 2144 845 2209 cett.
900 2135 980 2226 Quo
1007 2144 1123 2208 autem
1151 2131 1372 2231 parabilicres

224 2273 345 2346 fierent
369 2273 493 2345 harum
521 2296 637 2343 rerum
665 2269 842 2356 studiosis,
869 2270 981 2342 visum
1009 2278 1073 2355 est,
1097 2269 1279 2366 impetrata
1293 2266 1372 2338 doc·

222 2407 376 2482 tissimae
402 2407 501 2480 venia
525 2405 707 2493 societatis
729 2403 911 2502 separatim
925 2403 1011 2476 iuris
1027 2401 1159 2500 publici
1172 2401 1282 2474 facere
1296 2397 1373 2472 illas

222 2541 495 2640 questiunculas,
537 2553 655 2613 auctas
682 2538 826 2612 nonita
853 2538 971 2638 paucis
996 2539 1033 2610 in
1058 2537 1143 2611 alios
1169 2546 1287 2635 poetas
1313 2536 1373 2610 ob-

223 2677 486 2752 servationibus.
531 2675 764 2748 Continentur
777 2684 894 2748 autern
918 2676 983 2748 hoc
996 2674 1163 2772 opusculo
1177 2673 1226 2746 VI
1240 2673 1351 2771 capita
1365 2707 1372 2745 ε

263 2900 292 2976 Ι.
310 2899 513 2972 adlliadem
542 2959 548 2971 .
618 2959 624 2972 .
655 2963 657 2969 ,
693 2956 889 2970 ......
894 2838 895 2842 ¹
921 2955 927 2969 .
958 2957 964 2970 .
997 2913 1041 2970 .'.
1072 2956 1079 2969 .
1108 2921 1209 2994 pag.
1256 2897 1373 2970 1--38

247 3053 292 3126 ΙΙ.
324 3097 340 3138 ῃ
371 3052 563 3148 Odysseam
586 3108 1123 3124 ...............
1180 3093 1196 3134 ῃ
1228 3051 1374 3122 38-63

113 3199 116 3206 ’
221 3204 291 3278 ΠΙ.
322 3247 339 3290 η
369 3201 530 3298 Hymnus
556 3201 763 3274 Homericos
766 3256 1121 3274 ...........
1178 3243 1194 3284 η
1226 3200 1373 3272 63-80

227 3355 291 3428 IV.
322 3399 338 3440 η
367 3351 625 3450 Empedoclem,
658 3351 913 3436 Pannonidem,
942 3349 1126 3447 Xenopha-

419 3511 499 3558 nem
519 3543 900 3559 ...........
907 3569 910 3575 ,
930 3543 1123 3560 ......
1178 3530 1195 3572 η
1227 3486 1373 3560 80-87

251 3641 293 3714 V.
322 3637 548 3736 Epigraphica
596 3689 1123 3711 ...............
1179 3682 1196 3723 u
1228 3639 1374 3712 87-89

228 3792 293 3864 VI.
311 3789 684 3863 adHermesianactem
706 3847 1120 3863 ............
1177 3835 1194 3877 p
1317 3792 1374 3863 90,

280 4014 393 4111 Capiti
417 4017 528 4112 primo
556 4017 643 4088 duas
669 4017 794 4088 addam
819 4016 1085 4101 observationes
1118 4040 1265 4112 quarum
1284 4017 1378 4114 prior

224 4151 314 4223 haec
353 4158 422 4220 est:
461 4149 555 4220 Loco
588 4149 705 4221 Iliadis
741 4150 778 4218 B
803 4152 1003 4224 445-473
1040 4158 1190 4246 quatuor
1216 4149 1378 4248 deinceps

225 4286 394 4380 leguntur
422 4285 705 4380 comparationes.
719 4284 855 4355 Harum
876 4284 987 4380 prima
1009 4284 1159 4356 illustrat
1174 4285 1378 4378 splendorem

154 4415 163 4430 '
227 4441 409 4491 armorum
431 4419 655 4506 Graecorum,
681 4418 832 4491 secunda
862 4421 1004 4490 scaritum
1018 4417 1269 4516 progredientis
1283 4444 1380 4492 exer-

228 4552 335 4640 citae,
365 4553 464 4626 terlia
490 4566 523 4627 et
555 4563 677 4652 quarta
706 4554 887 4650 copiarum
914 4555 1161 4624 nealliludlnem.
1189 4553 1256 4624 Sed
1271 4555 1381 4641 tertia,
