3054 5312
741 266 839 352 (6)

219 453 555 543 (0001Ηο000111010),
580 445 739 542 κίδνημι
763 497 805 524 =
827 413 1159 544 cxc'cicnm'sge‘yog
1183 471 1222 498 =
1241 450 1366 544 τέγος,

221 556 410 653 σφενδόνη
427 567 546 654 funda,
570 567 635 632 alia
657 589 724 670 non
747 567 794 632 ita
816 585 928 653 panca.

175 854 179 863 „
253 755 307 834 Ἐ
342 769 401 835 46:
439 765 520 851 νύξ’
551 765 675 868 ἵππων
711 761 1061 858 ἐπιβησόμενον.
1086 764 1189 832 801001.
1215 763 1252 832 Α
1273 759 1365 854 πρὸς

226 880 270 952 τὸ
293 889 428 974 φυγεῖν
452 872 641 966 δηλονότι.
670 881 773 948 801001.
802 882 861 946 Bc
886 878 1140 969 ἐφαψάμενον
1163 874 1366 969 τοῦάρμα-

226 1015 293 1074 τος
318 989 387 1060 καὶ
399 987 622 1082 μέλλοντα
640 989 875 1060 τελειῶσαι
894 991 963 1075 τὴν
974 985 1101 1079 βάσιν
1113 990 1149 1077 (f.
1165 981 1368 1076 ἐπίβασιν)

226 1098 402 1190 ἔφθασεν
424 1100 445 1186 ή
470 1105 538 1171 τοῦ
562 1099 744 1191 πολεμίου
767 1100 894 1194 πληγή.
943 1101 1005 1178 oui
1036 1103 1115 1168 haec
1138 1102 1265 1187 scripsit
1290 1091 1368 1166 ε’πι-

226 1207 447 1303 βησόμενον
470 1216 584 1281 habuit
607 1239 665 1302 pro
687 1217 856 1303 participio
873 1215 998 1294 Potoni,
1011 1237 1114 1301 neque
1126 1213 1371 1280 aliterindicare

227 1326 377 1392 videntur
403 1328 602 1394 recentiores.
639 1328 716 1394 Non
743 1331 853 1392 tamen
881 1327 959 1392 sinit
987 1327 1054 1414 1000
1077 1331 1171 1413 00010
1196 1345 1313 1391 canens
1335 1325 1371 1388 in

227 1438 305 1523 ipsis
341 1441 546 1524 sequentibus
581 1440 686 1528 ἤριπε
723 1429 759 1506 δ’
795 1435 840 1518 ἐξ
860 1435 1017 1530 ὀχέων,
1041 1439 1126 1504 unde
1150 1442 1283 1526 apparet
1306 1457 1373 1502 0000

227 1550 432 1637 participium
455 1552 579 1618 Aoristi
601 1552 636 1617 Π
660 1544 872 1641 ἐπεβήσετο.
897 1551 1000 1618 Nemo
1024 1552 1110 1617 enim
1132 1552 1238 1617 hercle
1250 1573 1374 1616 0000000

229 1688 442 1731 concccncwna
476 1669 581 1751 potest
604 1668 740 1731 cecidere
762 1689 865 1743 οιιυνιι,
890 1669 994 1751 001001
1018 1689 1142 1730 curram
1165 1667 1374 1740 conscendens,

229 1780 334 1862 potest
369 1801 523 1844 0000000000
553 1803 655 1856 00000,
680 1779 727 1843 110
754 1781 793 1842 01
815 1799 873 1863 pro
896 1777 1014 1863 poetae·
1032 1781 1139 1842 mento
1162 1777 1376 1843 necessarium

229 1887 272 1952 sit
296 1892 352 1953 ant
375 1887 625 1954 Praesentis'aut
636 1888 806 1955 Praeteriti
817 1890 1031 1976 perticipium.
1047 1887 1200 1954 Similiter
1211 1889 1252 1954 Π.
1269 1888 1375 1954 0382

229 1994 490 2082 καταβήσεται
514 2022 580 2065 000
604 2004 654 2066 001
676 1999 845 2080 Futurum,
870 2001 924 2066 sed
948 2001 1169 2066 coniunctivae
1181 1997 1374 2065 AoristiII:

300 2173 340 2247 οἳ
361 2170 410 2260 δ’,
434 2176 463 2245 ὣ
469 2202 491 2261 ς
514 2203 557 2247 τε
579 2182 681 2273 μέγα
705 2182 811 2267 κῦμα
837 2176 1037 2262 θαλάσσης
1061 2175 1290 2271 εὐρυπόροιο

300 2287 392 2373 νηὸς
413 2287 503 2383 ὑπὲρ
527 2292 675 2383 τοίχων
698 2284 1028 2379 καταβήσεται,
1053 2285 1185 2359 ὅπποτ’
1211 2288 1343 2385 ἐπείγῃ

301 2404 374 2494 τίς,
391 2399 537 2491 άνέμου
561 2398 634 2470 κτὲ.

231 2609 465 2690 coniunctium,
490 2613 527 2675 01
551 2609 602 2678 M
622 2611 704 2678 278:

232 2796 307 2862 τῶν
333 2783 383 2879 δ’,
407 2789 463 2872 ὣς
487 2816 529 2861 τε
554 2785 716 2882 νιφάδες
740 2791 882 2884 χιόνος
907 2792 1101 2862 πίπτωσι
1126 2790 1375 2884 θαμεῑαικτὲ.

123 2964 125 2969 ’
230 2951 263 3012 01
286 2946 374 3012 01111.

277 3057 397 3124 Contra
422 3052 723 3147 ε’πιβησομένοις
745 3059 815 3124 1000
842 3057 959 3132 111879
974 3062 1022 3123 001
1034 3058 1149 3125 Futuri
1161 3060 1375 3145 participium.

278 3169 416 3236 Difficile
440 3172 610 3251 (11010001,
635 3194 716 3258 qnae
740 3173 783 3236 sit
807 3172 854 3236 vis
878 3170 1041 3256 participii
1070 3161 1287 3259 δυσομένου
1320 3170 1376 3236 Od.

233 3306 260 3349 α
286 3282 344 3348 25:
373 3277 413 3349 οἳ
434 3279 508 3370 μὲν
530 3274 780 3370 δυσομένου
804 3276 1037 3374 Ὑπερίονος,
1053 3273 1379 3362 οἷδ’άνιόντος.

233 3395 382 3461 Acristns
406 3394 492 3458 enim
513 3395 560 3459 ibi
583 3416 650 3459 non
672 3394 774 3458 multo
799 3397 847 3458 001
870 3392 975 3478 aptior
998 3414 1096 3478 qnam
1119 3391 1289 3462 Futurum.
1314 3394 1381 3460 Nec

234 3511 342 3571 tamen
366 3505 536 3574 rescribere
560 3506 664 3570 ausim
688 3496 886 3592 δυομένου,
905 3504 1008 3570 vocali
1020 3508 1203 3572 constanter
1214 3506 1304 3573 brevi
1316 3508 1382 3573 sola

236 3619 268 3682 vi
293 3619 391 3684 arsios
414 3619 579 3704 producta,
604 3596 679 3683 licet
690 3617 776 3682 hand
793 3617 938 3701 ignorem
948 3639 1046 3702 quam
1057 3617 1122 3684 late
1134 3618 1162 3682 is
1174 3641 1250 3684 0000
1263 3623 1380 3706 001001.

287 3801 408 3867 11310
434 3804 466 3866 01
490 3799 528 3867 Λ
553 3799 634 3864 355;

403 3977 508 4070 άμφὶ
532 3973 579 4049 δὲ
605 3977 708 4050 ὄσσε
732 3979 887 4067 κελαινὴ
911 3980 980 4063 νυξ
1004 3979 1201 4071 ἐκάλυψεν.

286 4185 451 4252 Sententia
474 4185 507 4249 id
530 4183 682 4269 poenitat,
706 4206 770 4269 quo
794 4185 889 4248 simul
912 4185 1000 4270 10101
1023 4184 1196 4290 liberamur
1219 4185 1325 4249 hiatu:

587 4361 691 4462 άμφλ
715 4356 766 4434 δέ
787 4361 932 4434 ε’ὄσσε
955 4361 1051 4433 κτὲ.·

284 4573 332 4638 1)0
356 4573 515 4635 structura
539 4566 610 4632 vide
633 4587 715 4651 quae
738 4563 823 4630 infra
846 4564 965 4630 notabo
989 4567 1030 4633 cd
1054 4567 1112 4633 Od.
1139 4589 1172 4647 ο,
1200 4569 1252 4633 88.
