3054 5312
647 263 769 347 (⁷3)

129 442 233 528 igitur
256 445 373 510 eertius
396 449 445 510 est
476 447 698 514 emendatione
734 445 934 538 ἀπέλεψε,
958 473 1057 536 quam
1082 474 1193 519 omnes
1214 476 1279 520 en.

128 554 211 620 tieos
235 555 355 642 fugisse
387 558 495 624 miror.
533 559 573 625 In
605 561 752 646 sequenti
776 583 870 627 versu
893 565 1104 648 probabiliter
1127 567 1278 632 emenda-

133 668 204 730 tum
227 672 276 733 est
300 663 460 754 ἀυτμήν,
485 692 568 755 quae
591 671 694 737 forma
719 674 897 740 masculina
921 675 971 740 bis
995 681 1100 742 exstat
1114 677 1199 763 apud
1210 675 1281 742 Ho-

131 803 256 846 merum
283 782 319 849 Ψ
345 784 410 848 765
436 789 469 849 et
492 808 517 876 γ
542 787 620 852 289.
647 786 740 853 Nihil
762 789 825 853 hue
841 788 919 855 feeit
938 792 1072 856 citatum
1085 815 1125 856 ex
1137 791 1279 876 Odyssea

132 891 350 974 ὀλοώτατος
387 888 498 984 ὀδμή,
532 899 610 983 quia
642 901 875 986 comparativos
900 907 932 966 et
955 904 1167 988 superlativos
1192 906 1279 970 enti-

129 1030 196 1092 qua
231 1007 345 1092 lingua
380 1008 543 1073 interdum
576 1032 759 1077 communes
796 1034 863 1078 esse
896 1019 1032 1080 eonstat.
1071 1014 1118 1081 Of.
1152 1038 1279 1102 quoque

127 1119 251 1205 hymn„
267 1120 303 1184 in
326 1117 394 1184 (ier.
424 1119 500 1185 157.
527 1119 585 1187 Od.
609 1112 643 1202 δ,
668 1124 753 1189 406;

194 1270 356 1361 πικρὸν
380 1269 656 1343 ἀποπνείουσαι
682 1272 778 1355 άλὸς
800 1271 1061 1364 πολυβενθέος
1086 1266 1213 1365 ὀδμήν

127 1417 269 1514 πικρόν
292 1420 463 1487 manifesto
487 1422 712 1488 adverbialiter
735 1423 877 1508 positum
902 1444 976 1487 eum
1000 1418 1279 1492 ἀποπνείουσαι

125 1533 331 1618 iungendum
361 1537 421 1614 est,
452 1555 520 1598 non
556 1555 629 1598 eum
653 1524 793 1621 ὀδμήν,
816 1540 854 1600 ut
877 1557 1022 1621 perverse
1046 1535 1173 1600 videtur
1195 1557 1279 1600 non-

128 1645 240 1710 nullis.
266 1645 481 1711 Mutationem
504 1668 580 1711 vero
603 1669 705 1733 paene
728 1647 1072 1726 nullameasesentiet,
1085 1648 1278 1733 quicumque

130 1755 225 1820 novit
256 1755 288 1819 N
319 1757 456 1835 indicari
486 1757 578 1822 tenui
610 1757 728 1823 lineola
753 1780 851 1842 supra
874 1759 1114 1844 praecedentem
1140 1757 1276 1824 literam

177 1987 302 2053 Ibidem
329 1987 409 2052 166:

181 2132 303 2225 αύτάρ
326 2127 400 2226 ἐγὼ
423 2136 560 2224 τέχνη
566 2158 588 2214 ς
612 2130 867 2223 ἐπιβήσομαι,
892 2136 977 2220 ήτις
1001 2131 1126 2227 ἀρίςη,

181 2241 411 2332 βουλεύων
434 2239 500 2334 ἐμὲ
523 2245 592 2315 καὶ
615 2242 656 2314 σὲ
682 2237 899 2338 διαμπερές·
927 2237 1012 2314 ου’δε
1037 2247 1194 2317 θεοῖσιν

184 2359 256 2426 νῶϊ
277 2356 359 2445 μετ’
387 2351 654 2427 ἀθανάτοισιν
678 2347 960 2448 άδώρητοικαί
982 2354 1130 2440 άπαςοι

182 2467 299 2537 αύτοῦ
323 2459 408 2557 τῇδε
431 2468 615 2558 με’νοντες
639 2463 854 2558 ἀνεξόμεθ’,
880 2465 931 2547 ὠς
956 2462 1002 2535 σύ
1027 2463 1196 2548 κελεύεις.

179 2576 365 2671 Βελτερον
388 2577 518 2667 ήματα
542 2575 670 2646 πάντα
692 2577 772 2667 μετ’
795 2575 1019 2658 ἀθανάτοις
1044 2574 1228 2669 ὀαρίζειν,

181 2687 378 2770 πλούσιον,
403 2686 578 2778 ἀφνειόν,
602 2685 819 2774 πολυλήϊον,
842 2691 863 2774 ή
887 2687 988 2758 κατά
1013 2681 1126 2778 δῶμα

182 2799 308 2894 ἄντρῳ
333 2797 377 2871 ἐν
400 2796 565 2893 ἠερόεντι
590 2801 824 2889 θαασσέμεν·
850 2796 956 2890 ἀμφὶ
980 2791 1020 2866 δὲ
1043 2805 1145 2887 τιμῇ,

179 2909 284 3005 κάγὼ
309 2918 376 2997 τής
399 2908 508 2994 ὁσίης
532 2906 783 2997 ἐπιβήσομαι,
807 2899 922 3002 ἧσπερ
950 2905 1145 2980 Ἀπόλλων
1169 2906 1249 2980 κτλ.

179 3058 385 3124 Hermannus
409 3063 493 3124 reete
516 3058 707 3143 intellegens
725 3051 922 3141 βουλεύειν
936 3056 1026 3127 τινά
1039 3057 1197 3122 Graecum
1212 3080 1279 3124 non

131 3192 210 3250 esse,
235 3171 304 3236 loeo
331 3192 364 3235 se
390 3169 510 3234 mederi
534 3169 729 3254 opinabatur
752 3168 979 3253 distinguendo
998 3172 1072 3253 post
1083 3163 1278 3256 βουλεύων

132 3287 165 3348 et
188 3283 327 3367 iungens
351 3281 491 3371 τέχνης
516 3273 755 3369 ἐπιβήσομαι
788 3275 855 3366 ἐμε
881 3277 949 3347 καὶ
975 3280 1027 3357 σε’,
1052 3279 1173 3345 formae
1198 3279 1277 3348 ἐπι-

130 3391 311 3484 βήσομαι
335 3394 542 3459 transitivam
563 3396 756 3479 potestatem
780 3391 947 3456 vindicans
970 3391 1069 3456 allato
1093 3390 1278 3479 loeoOdys·

133 3526 205 3570 seae
228 3526 261 3584 ο,
286 3504 370 3569 474:

177 3654 220 3719 οἱ
241 3647 317 3739 μὲν
341 3641 454 3716 ἔπειτ’
479 3642 702 3735 ἀναβάντες
726 3643 899 3717 ἐπίπλεον
923 3641 1022 3738 ὑγρά
1044 3641 1206 3715 κε’λευθα

180 3757 235 3831 νὼ
261 3753 552 3848 ε’πιβησάμενοι.

178 3912 225 3979 At
257 3913 343 3978 enim
374 3911 410 3975 in
442 3910 502 3975 hoe
534 3907 658 3974 doristi
680 3907 698 3972 Ι
722 3909 820 3974 medii
843 3931 903 3973 usu
927 3910 1098 3976 transitivo
1121 3913 1206 3978 nihil
1229 3921 1278 3982 est

131 4025 216 4114 quod
239 4024 374 4102 mireris,
399 4023 427 4087 si
450 4021 579 4108 quidem
602 4043 643 4086 ne
666 4021 774 4106 potuit
797 4021 927 4105 quidem
950 4024 1099 4107 usurpari
1121 4024 1277 4092 intranei.

129 4136 206 4216 tive,
219 4136 296 4221 quie
307 4134 515 4200 intransitiva
527 4133 618 4198 notio
626 4133 756 4218 propria
769 4137 819 4197 est
831 4131 961 4197 doristo
973 4132 1008 4196 Π
1024 4126 1091 4200 ἕπε
1097 4129 1130 4222 β
1135 4134 1156 4219 ή
1164 4157 1274 4206 σετο.

131 4245 251 4315 Contra
274 4242 449 4337 βήσομαι
475 4268 599 4331 semper
621 4249 653 4310 et
669 4245 789 4330 ubique
804 4248 853 4309 est
868 4245 1121 4325 intransitivum,
1138 4251 1170 4312 et
1181 4254 1276 4334 poeta

128 4365 237 4427 noster
265 4381 302 4426 eo
335 4360 441 4424 minus
466 4364 578 4424 eontra
610 4358 754 4424 omnium
777 4379 872 4421 usum
895 4361 952 4442 pot
977 4359 1002 4423 't
1025 4379 1165 4444 peceare,
1189 4364 1276 4445 quod

129 4473 165 4538 in
200 4472 279 4559 ipsis
316 4471 522 4556 sequentibus
559 4472 589 4537 ei
625 4469 857 4554 obtemperavit
893 4470 1034 4534 scribens
1065 4476 1133 4553 τῆς
1167 4471 1276 4557 ὁσίης

130 4577 382 4672 ἐπιβήσομαι.
420 4580 491 4646 Ηεε
525 4583 627 4668 igitur
658 4580 925 4666 interpretatione
947 4581 1074 4658 reiecta,
1099 4585 1277 4650 necessario
