3054 5312
759 275 894 368 (ess

294 464 443 551 Longuet
465 457 545 550 ἤδη,
568 468 626 530 ubi
649 467 756 552 potius
780 467 961 532 addendum
983 466 1088 532 fueret
1111 462 1232 534 πάλαι
1255 471 1288 534 et
1312 468 1392 534 iusto

247 577 384 641 debilius
408 577 530 642 dietum
552 577 679 642 videtur
702 577 824 642 nudum
849 584 958 644 κεῖτο.
985 575 1077 642 Certe
1101 577 1204 663 magis
1228 578 1309 644 mihi
1324 579 1393 663 qui·

251 690 323 755 dem
346 691 500 775 placeret:

250 815 302 910 δή
328 823 416 894 τότ’
440 816 601 909 ἀκηδὲς
626 818 778 902 ἔκειτο,
803 822 928 914 ῥαφαὶ
955 815 988 890 δ’
1013 818 1186 894 ἐλελνντο
1211 824 1393 914 ἱμάντων.

301 961 354 1030 Sie
377 987 409 1042 τ,
437 964 478 1029 17
505 963 544 1028 de
568 965 683 1028 armis:

252 1093 356 1186 ὄφρα
379 1117 443 1165 κεν
467 1089 505 1175 ἐς
531 1091 714 1184 θάλαμον
739 1096 1006 1183 καταθείομαι
1031 1092 1143 1166 ἔντεα
1168 1093 1311 1187 πατρὸς

252 1202 364 1285 καλά,
389 1202 438 1272 τά
460 1228 530 1290 μοι
555 1204 656 1274 κατά
682 1213 817 1274 τοῖκον
842 1197 1010 1288 ἀκηδέά
1034 1203 1180 1285 καπνὸς
1205 1198 1368 1295 ἀμέρδει.

300 1334 354 1401 Sis
377 1334 399 1419 ζ
425 1337 484 1401 26:

347 1462 514 1550 τείματα
538 1464 610 1552 μέν
633 1487 693 1532 τοι
717 1471 866 1533 κεῖται
887 1455 1054 1546 ἀκηδεά
1079 1459 1308 1556 σιγαλόεντα

255 1597 288 1662 et
312 1615 340 1658 ω
367 1593 447 1660 185:
476 1591 620 1680 σώματ’
644 1584 813 1676 ἀκηδεά
837 1602 996 1660 κεῖται,

300 1704 353 1772 nd
376 1705 439 1771 loei
464 1706 726 1790 compositionem
750 1704 790 1771 ef.
817 1704 876 1801 Ori.
903 1728 935 1796 ρ,
962 1706 1029 1770 294
1054 1727 1121 1790 sqq.
1149 1706 1187 1771 de
1207 1727 1285 1770 eene
1298 1705 1402 1791 Argo:

484 1829 554 1902 τὸν
579 1823 620 1899 δὲ
645 1830 869 1923 πάροιθεν
892 1827 1139 1924 ἀγίνεσκον
1164 1833 1244 1900 νέοι
1267 1823 1405 1922 ἀνδρες

279 1936 399 2036 αἶγας
424 1938 477 2011 ἐπ’
503 1939 714 2036 ἀγροτέρας
738 1934 803 2024 ἠδὲ
829 1940 978 2032 πρόκας
1002 1934 1067 2026 ἠδὲ
1093 1938 1279 2033 λαγωούς,

277 2046 328 2139 δὴ
353 2052 452 2121 τότε
475 2053 579 2122 κεῖτ’
604 2049 863 2131 ἀπόθεστος
885 2048 1171 2141 ἀποιχομένοιο
1195 2050 1403 2132 τάνακτος.

304 2183 352 2252 Of.
378 2185 417 2251 Il.
444 2185 475 2251 E
497 2187 573 2251 136.
600 2186 694 2252 Unde
718 2189 851 2270 epperet
874 2185 910 2249 in
934 2185 1102 2256 sententiis
1127 2185 1321 2251 coordinatis
1340 2207 1406 2250 non
1513 2169 1514 2222 δ

255 2299 469 2368 neceesarium
500 2322 567 2366 esse
599 2299 745 2364 additum
768 2298 844 2362 huie
867 2297 1024 2364 formulae
1047 2317 1098 2387 γε,
1123 2297 1184 2362 etsi
1208 2296 1405 2382 frequentius

257 2411 331 2476 eddi
356 2411 535 2477 concedam.
563 2409 609 2476 Of.
636 2407 674 2475 A
700 2411 778 2488 107,
812 2409 918 2486 Y44,
943 2409 982 2476 Ν
1006 2409 1086 2488 441,
1112 2407 1405 2489 Οό.ν92,ο228,
1514 2406 1515 2436 ¹

260 2546 281 2610 ρ
307 2523 385 2588 301.

306 2747 338 2815 χ
364 2724 444 2789 174:

285 2848 322 2932 ἐς
348 2846 533 2938 θάλαμον
557 2843 722 2936 βαλέειν,
745 2840 917 2929 σανίδας
942 2841 973 2917 δ’
1003 2837 1191 2934 ἐκδῆσαι
1213 2848 1386 2921 ὄπισθεν.

310 2988 398 3065 Quae
421 2987 523 3074 possit
546 3009 613 3052 esse
637 2988 686 3052 vis
709 2988 955 3072 praepositionis
978 3011 1045 3053 non
1069 2992 1196 3072 expnto.
1223 2987 1368 3055 Oonieoi:

685 3219 688 3227 Δ
714 3115 881 3204 σανίδας
907 3116 941 3193 δ’
963 3121 1006 3193 έδ
1032 3117 1168 3210 δησαι
1193 3119 1364 3194 ὄπισθεν.

312 3256 460 3324 Ceterum
484 3254 553 3318 sine
576 3253 722 3340 exemplo
747 3254 869 3318 dietum
892 3254 1019 3319 videtur
1044 3246 1160 3338 δησαι
1185 3258 1221 3320 de
1245 3257 1411 3322 claudendo

264 3365 370 3434 ιάπαα.
410 3365 471 3431 Sed
502 3359 650 3452 κληοαι,
686 3363 724 3427 de
756 3385 820 3449 quo
851 3365 1033 3448 reponendo
1066 3364 1183 3450 aliquis
1216 3365 1413 3449 cogitaverit,

266 3482 427 3568 pugnaret
451 3500 524 3542 enm
548 3498 608 3540 usu
632 3474 814 3553 Homerico
839 3477 896 3561 qni
927 3476 1103 3562 requireret
1127 3472 1291 3558 κληῖσαι.
1318 3475 1414 3542 Poeta

269 3591 399 3679 quidem
421 3588 577 3674 promisee
600 3589 734 3670 usurpet
757 3584 827 3666 ἢῖα
852 3591 884 3650 et
907 3573 966 3676 ᾑα,
992 3589 1046 3652 sed
1071 3583 1161 3676 κλης
1185 3584 1327 3678 ολκλῄω
1343 3605 1430 3655 nus-¹

270 3723 368 3788 quam
391 3699 476 3784 opud
500 3720 573 3762 eum
596 3697 809 3782 reperiuntur.

256 3949 260 3956 ⁴
319 3944 358 3999 ω,
383 3921 448 3984 227
475 3919 514 3984 de
537 3916 651 3982 Leonte
675 3918 805 3983 dicitnr:

868 4024 949 4117 περί
975 4018 1015 4094 δὲ
1041 4027 1207 4117 κνήμῃσι
1233 4022 1371 4116 βοείας

273 4132 465 4230 κνημῖδας
491 4131 638 4225 ραπτάς
664 4127 803 4214 δέδετο,
828 4142 1029 4230 γραπτῦς
1053 4134 1264 4208 ἀλεείνων

275 4241 508 4345 χειρῖδάςσ’
534 4240 593 4317 ἐπί
617 4243 729 4336 χερσί
754 4243 910 4333 βάτων
935 4248 1052 4317 ἕνεκ’·
1080 4245 1201 4340 αάτάρ
1224 4247 1385 4340 ὕπερθεν

274 4361 424 4458 αἰγείην
448 4358 584 4464 κυνέην
607 4354 754 4446 κεφαλῇ
785 4354 865 4450 ἔχε,
887 4359 1056 4438 πένθος
1081 4357 1231 4442 ἀέξων.

276 4473 346 4546 τὸν
370 4465 403 4541 δ’
431 4470 481 4551 ὼς
506 4491 576 4540 οον
602 4462 732 4554 ἐνόησε
756 4467 945 4550 πολύτλας
970 4463 1055 4550 δῖος
1079 4463 1289 4553 Ὀδυσσεὺς

276 4587 395 4681 γήραϊ
418 4579 649 4674 τειρόμενον,
671 4577 788 4674 μέγα
813 4571 860 4649 δὲ
885 4579 1018 4672 φρεσί
1048 4581 1215 4662 πένθος
1241 4575 1419 4672 ἔχοντα,
