3054 5312
764 296 886 382 (⁷0)

252 475 432 552 ἀλεείνειν
457 484 573 552 tribuit
595 485 715 550 celandi
735 487 945 570 potestatem?
982 482 1145 548 Iterumne
1168 482 1392 549 contendemus

252 613 319 657 esse
343 593 560 678 depravatum,
586 618 628 660 an
652 595 759 680 potius
776 599 982 663 comedemus
994 594 1108 679 hymni
1120 599 1282 660 auctorem
1293 589 1393 657 desci-

251 701 334 768 visse
358 705 399 769 ab
423 727 483 770 usu
506 706 696 773 Homerico?
732 706 969 774 Baumeisterus
992 707 1122 792 quidem
1145 707 1294 791 deceptus
1318 725 1393 769 con·

250 816 336 879 torta
369 820 401 881 et
435 840 564 903 prorsus
595 819 800 902 improbabili
835 818 1014 886 Hermanni
1045 818 1308 902 interpretatione
1331 813 1395 879 loci
1508 893 1509 902 ρ

250 927 376 1010 prioris,
401 930 611 996 audacissima
641 932 823 997 coniectura
856 927 874 998 ἑ
898 927 1018 1000 αὐτόν
1042 929 1150 995 iunxit
1174 952 1247 996 cum
1270 950 1316 994 vs.
1344 949 1395 993 sa·

251 1040 378 1123 quenti:

296 1163 340 1237 ε’ν
364 1158 399 1235 δ’
424 1164 538 1261 ὀλίγῳ
565 1164 774 1238 συνέλασσε
798 1169 894 1261 κάρη
917 1167 1055 1263 χεῖράς
1080 1195 1118 1237 τε
1142 1160 1268 1248 πόδας
1292 1191 1331 1235 τε

249 1296 477 1364 violentissime
501 1300 547 1365 sic
570 1300 755 1368 immutato:

505 1425 563 1499 εἰν
588 1426 706 1523 ὀλίγῳ
730 1423 847 1510 ἔλσας
871 1425 1037 1517 κεφαλὴν
1061 1425 1134 1496 κτὲ.

250 1558 343 1642 quasi
378 1579 531 1644 umquam
566 1561 716 1626 librarius
750 1561 786 1626 in
822 1561 965 1625 animum
989 1560 1179 1626 inducturus
1202 1558 1316 1623 fuisset
1338 1579 1397 1643 pro

251 1670 379 1755 vulgari
402 1667 569 1757 κεφαλήν
587 1673 781 1738 substituere
793 1673 954 1757 poeticum
966 1669 1069 1763 κάρη.
1100 1672 1256 1737 Iamvero
1269 1669 1398 1736 evolvas
1506 1742 1510 1752 Ι

251 1803 368 1866 quaeso
393 1784 544 1869 antiquae
569 1785 732 1850 doetrinae
756 1785 944 1850 thesaurum
966 1783 1173 1871 Hesychium‚
1190 1783 1247 1868 qui
1259 1781 1399 1848 servavit

252 1893 335 1959 hanc
358 1895 512 1980 glossam:
541 1891 762 1980 άλεάζειν·
786 1894 1009 1988 κρύπτειν,
1029 1893 1050 1978 ἢ
1073 1890 1316 1987 προβάλλειν.
1329 1890 1399 1961 καὶ
1513 1899 1514 1910 ’

252 2003 400 2095 εἴργειν.
430 2006 657 2097 θερμαίνειν
694 2008 748 2093 (ex
783 2006 991 2094 Hippocrate,
1015 2010 1065 2080 ,ut
1090 2006 1300 2072 'intellectum
1336 2004 1399 2089 est)

253 2109 501 2201 ἀφανίζειν
517 2122 550 2182 et
562 2141 658 2202 supra
671 2123 818 2204 corrupte
834 2114 961 2209 α’λγα·
974 2114 1166 2209 κρύπτει.
1184 2116 1250 2182 Ubi
1261 2115 1401 2201 glossam
1514 2129 1515 2172 ῑ

253 2221 394 2318 άλέγη·
421 2227 512 2297 σκιά
536 2253 575 2295 ex
599 2229 740 2297 Arcadio
763 2231 874 2296 attulit
897 2229 939 2294 Is.
963 2229 1106 2294 Vossius.
1133 2228 1397 2307 Haec,licetnon

253 2360 304 2403 mc
328 2338 428 2405 lateat
466 2341 590 2407 diversa
605 2343 801 2422 terminatio,
815 2345 852 2406 ut
865 2341 1022 2407 cautelam
1034 2341 1240 2406 adhibeamus
1253 2340 1396 2406 suadent.
1515 2403 1516 2416 ἶ

300 2447 409 2515 Habet
440 2455 548 2517 autem
583 2453 696 2537 hymni
720 2457 832 2519 auctor
854 2456 888 2518 et
911 2453 975 2517 alia
999 2453 1172 2538 peculiaria
1194 2453 1285 2519 velut
1304 2473 1397 2517 usum
1516 2545 1517 2550 η

253 2583 383 2648 prorsus
407 2563 573 2629 insolitum
597 2567 792 2631 substantivi
816 2558 926 2658 ἔργον
949 2588 995 2631 vs.
1025 2567 1111 2632 127:

371 2704 513 2803 Ἐρμῆς
535 2707 780 2804 χαρμόφρων
804 2707 978 2804 εἰρύσατο
1002 2711 1120 2780 πίονα
1144 2703 1249 2802 ἔργα

255 2839 312 2902 ubi
336 2833 431 2931 ἔργα
455 2843 532 2904 sunt
556 2840 661 2931 κρεά
686 2835 784 2928 ἀμφ’
809 2835 983 2930 ὀβελοῖσι
1008 2841 1229 2933 πεπαρμένα
1254 2830 1397 2932 ‹lovca-

256 2951 403 3020 νέοισιν
429 2953 535 3038 (120),
560 2975 663 3038 neque
686 2953 789 3039 igitur
810 2953 944 3019 fortasse
967 2954 1162 3020 haerendum
1185 2953 1222 3018 in
1244 2955 1397 3019 mirousu

256 3064 451 3130 substantivi
475 3059 584 3146 ὁσίης
607 3086 654 3131 vs.
683 3064 764 3130 130:

671 3204 804 3301 ἔσχισε
830 3203 978 3280 δώδεκα
1003 3212 1173 3304 μοίρας

302 3319 557 3416 κληροπαλεῖς·
583 3317 710 3392 τέλεον
735 3312 777 3389 δὲ
802 3323 915 3414 γε’ρας
941 3325 1171 3417 προσέθηκεν
1196 3320 1320 3413 ἑκάςη.

300 3433 413 3507 Ἔνθ’
438 3431 567 3518 ὁσίης
591 3432 734 3527 κρεάων
758 3431 953 3522 ἠράσσατο
972 3426 1140 3524 ,κύδιμος
1166 3433 1307 3528 Ἑρμῆς

257 3587 383 3656 etiamsi
407 3583 522 3670 aliquis
545 3582 592 3647 ibi
615 3582 743 3648 mallet:
1151 3577 1158 3588 ⁴

343 3725 458 3800 Ἔνθ’
485 3727 598 3811 αίσης
623 3725 767 3820 κρεάων
790 3724 868 3795 κτλ.
894 3751 937 3795 sc.
958 3733 1115 3817 portionis
1138 3735 1290 3813 careium,

259 3867 297 3928 ut
320 3861 407 3946 apud
430 3859 607 3924 Homerum
630 3860 679 3923 est
703 3849 834 3940 ληΐδος
858 3848 968 3925 αἶσα.

301 3972 392 4040 Idem
415 3975 526 4037 contra
548 3970 710 4054 epicorum
734 3992 827 4035 usum
849 3990 897 4034 vs.
924 3970 992 4036 373
1016 3971 1157 4056 scripsit:

276 4121 299 4175 ⁰
350 4117 539 4211 μηνύειν
565 4108 598 4185 δ’
625 4115 783 4188 ε’κελεοεν
808 4114 1025 4210 α’ναγκαίης
1048 4113 1122 4186 ὑπὸ
1146 4113 1288 4204 πολλῆς

257 4271 413 4358 producta
443 4267 547 4333 vocali
581 4288 663 4352 quae
697 4267 747 4331 illi
781 4266 817 4330 in
852 4265 1012 4351 praesenti
1045 4269 1078 4330 et
1101 4266 1288 4351 imperfecto
1311 4266 1399 4333 verbi

257 4378 415 4472 μηνύειν
447 4380 605 4465 corripere
641 4373 755 4458 solent,
788 4378 849 4444 etsi
884 4379 977 4444 facile
1008 4377 1042 4442 id
1077 4378 1184 4466 potuit
1210 4379 1329 4445 evitare
1352 4380 1398 4468 (ct

256 4496 391 4562 fortasse
414 4491 560 4578 evitavit)
585 4490 766 4557 scribendo:

526 4631 748 4718 μηνοέμεν
772 4619 808 4696 δ’
833 4620 992 4698 ε’κελευεν
1016 4625 1089 4696 κτὲ.
