3054 5312
648 291 767 378 (υ)

184 474 307 541 ursam
330 475 374 540 42
400 478 453 562 (.-.
468 476 497 558 1,
522 477 619 564 aaa:
735 532 741 548 .

182 629 252 708 ςῆς
276 613 312 690 δ’
336 617 396 691 ἐπὶ
419 619 605 716 Ληλάντῳ
629 617 755 714 πεδίῳ·
782 624 827 695 τό
854 649 913 695 τοι
939 625 1015 717 οὐχ
1040 621 1106 696 ἃδε
1131 631 1246 718 θυμῷ

181 731 389 816 τεύξασθαι
412 732 506 818 νηόν
529 759 568 802 τε
598 735 667 805 καί
689 733 807 804 ἄλσεα
832 729 1069 830 δενδρήεντα.

182 877 229 945 Of.
255 901 330 944 mox
354 881 397 945 66
422 903 468 966 sq.
495 880 582 948 Hinc
607 887 742 968 apparet
765 884 834 948 loco
858 884 886 965 Ι,
913 885 954 950 75
979 907 1025 970 sq.

228 1021 249 1094 ὁ
275 1017 312 1093 δ’
336 1022 454 1112 ἄλλην
477 1039 597 1120 γαῖαν
621 1027 810 1118 ἀφίξεται,
837 1031 856 1115 ἦ
879 1052 944 1100 κεν
970 1022 1044 1123 ἅδῃ
1068 1035 1120 1117 σί,

228 1135 437 1218 τεύξασθαι
462 1138 556 1224 νηόν
579 1140 708 1211 τεκαὶ
732 1138 850 1210 ἄλσεα
874 1133 1110 1232 δενδρήεντα,

134 1303 201 1347 non
223 1285 309 1348 recte
332 1282 589 1351 Baumeistcrum
612 1287 739 1373 virgula
754 1287 937 1353 distinxisse
948 1290 1023 1373 post
1032 1309 1208 1374 pronomen
1225 1290 1274 1356 οἱ.

181 1500 306 1567 russam
329 1524 375 1568 v.
402 1503 468 1568 241
494 1503 717 1593 (=I‚419):

228 1646 309 1718 ἀλλ’
334 1647 379 1718 ού
401 1642 648 1734 πηδαλίοισιν
671 1653 843 1721 ἐπείθετο
869 1637 960 1737 νηῦς
986 1650 1148 1747 ε’ύεργής,

227 1759 327 1830 ἄλλα
349 1758 468 1856 παρὲκ
492 1760 795 1847 Πελοπόννησον
817 1765 970 1855 πίειραν
993 1761 1158 1834 ἑκοῦσα

228 1871 279 1960 ἤι’
305 1865 409 1945 ὁδόν.

181 2039 300 2104 Parum
335 2040 499 2124 eleganter
533 2037 651 2104 dicitur
684 2040 775 2104 navis
810 2041 1028 2124 gubernaculo
1061 2061 1128 2104 non
1162 2059 1277 2122 pareus

135 2151 274 2222 ἑκοῦσα
298 2155 360 2219 iter
383 2175 531 2239 pergerc3
557 2153 585 2217 si
608 2153 686 2238 quid
710 2155 823 2220 addere
847 2155 999 2221 voluisset
1023 2156 1148 2233 auctor,
1164 2153 1278 2217 addere

135 2267 288 2332 debuerat
310 2267 396 2350 quod
419 2265 629 2350 pertinaciam
654 2265 858 2352 significaret.
890 2267 1012 2333 Verum
1034 2267 1124 2332 salva
1147 2287 1196 2330 res
1220 2267 1277 2330 est.

136 2377 173 2441 ld
204 2377 310 2463 ipsum
339 2376 426 2460 quod
458 2375 669 2441 Baumeisteri
706 2378 878 2444 editionem
902 2399 1060 2470 usurpans
1084 2375 1280 2442 coniciebam

138 2481 305 2577 ἔχουσα
329 2488 547 2574 (intransitive
571 2489 791 2572 accipiendum
805 2523 842 2545 =
863 2468 1013 2578 (cursum)
1027 2493 1142 2574 teneas)
1161 2487 1281 2573 legitur

136 2601 170 2665 in
206 2601 377 2680 codicibus,
411 2601 488 2666 dum
525 2595 666 2668 ἑκοῦσα
699 2604 749 2666 est
780 2602 894 2668 infelix
929 2603 1059 2669 editoris
1083 2601 1279 2681 coniectura,

135 2713 326 2799 quantocius
349 2712 525 2779 abicienda.

181 2903 306 2968 ibidem
335 2924 382 2968 rs.
399 2849 402 2854 Ι
418 2902 484 2967 350
517 2903 576 2989 (=
589 2901 617 2982 I,
651 2902 745 2989 528),
778 2900 953 2980 Cretenses,
986 2900 1148 2986 Apollinis
1177 2903 1281 2968 cultui

134 3015 264 3096 addicti,
288 3014 418 3081 solliciti
440 3016 632 3080 exclamant:

135 3177 213 3251 πῶς
238 3169 305 3245 καὶ
330 3175 402 3242 νῦν
425 3165 625 3261 βιόμεσθα
629 3192 648 3254 ,·
668 3166 712 3236 τό
728 3189 767 3236 σε
780 3165 999 3259 φράζεσθαι
1012 3161 1190 3259 ἄνωγμεν
1202 3165 1278 3236 aad.
1347 3179 1351 3188 '

180 3326 227 3394 01.
253 3327 292 3391 11.
322 3321 365 3406 O,
393 3326 470 3406 124,
487 3319 539 3405 Ω,
562 3326 617 3405 31,
639 3319 688 3390 Π
706 3322 784 3401 852,
804 3319 856 3400 X,
870 3320 936 3385 431
951 3320 1058 3385 malim
1074 3343 1146 3385 cum
1158 3321 1280 3388 Wolfio

136 3435 378 3527 βιόμεσθα.
400 3437 583 3524 Respondet
607 3435 710 3500 Deus:

135 3593 179 3636 vs.
196 3570 278 3637 354:
293 3570 434 3653 Νηπιοι
457 3563 669 3658 ἄνθρωποι,
695 3556 965 3650 δυστλήμονες,
988 3554 1028 3628 οἳ
1039 3550 1256 3648 μελεδῶνας

259 3674 473 3772 βούλεσθ’
486 3674 698 3769 ἀργαλέους
709 3700 746 3742 τε
756 3671 900 3752 πόνους
912 3669 980 3741 καὶ
993 3673 1120 3756 ςείνεα
1135 3672 1275 3764 θυμῷ.

182 3829 259 3898 Non
282 3830 420 3915 cupimus
443 3823 550 3888 hercle
572 3822 721 3886 mortales
746 3842 848 3899 curas,
861 3841 1036 3904 gravesque
1048 3819 1172 3883 labores
1184 3822 1279 3904 atque

137 3963 315 4021 aerumnas,
339 3939 394 4004 sed
418 3959 491 4004 cum
514 3933 622 3999 animo
646 3954 698 3997 cas
722 3933 907 4016 reputamus
931 3935 964 3997 et
987 3931 1022 3995 in
1045 3932 1175 4015 pectore
1187 3931 1279 3997 volu-

136 4061 252 4122 tamus.

182 4183 337 4263 Quocirca
360 4179 466 4247 videas
489 4200 532 4244 an
552 4173 771 4261 reponendum
794 4173 853 4238 sit:

684 4330 724 4404 οἳ
745 4326 963 4425 μελεδῶνας

137 4455 354 4552 βύλλεσθ’
377 4451 586 4547 ἀργαλέους
610 4471 648 4517 τε
672 4446 815 4528 πόνους
839 4443 908 4514 καὶ
933 4445 1061 4528 ςείνεα
1087 4445 1233 4535 θυμῷ.

185 4625 385 4709 Quamquam
407 4620 494 4685 haud
506 4641 556 4683 me
567 4617 648 4682 latet
659 4613 835 4680 Homerum
848 4611 950 4676 dicere
963 4611 1064 4674 solere
1077 4606 1125 4677 ἐν
1140 4609 1278 4698 θυμῷ.
