3054 5312
655 283 775 369 (21)

180 471 219 539 N
240 472 321 537 130:
669 556 673 564 1
1141 545 1146 556 ,

146 594 264 678 ἀσπίς
289 593 348 689 ἀρ’
375 589 505 665 ἀσπίδ’
532 589 658 688 ἔρειδε,
683 598 800 691 κόρυς
823 599 952 692 κόρυν,
977 596 1094 690 ἀνέρα
1119 591 1263 690 δ’ἀνήρ·

148 713 276 794 ψαῦον
300 701 335 777 δ’
362 706 571 796 ἱπποκόμοι
596 707 759 802 κόρυθες
783 706 994 802 λαμπροῖσι
1017 707 1204 797 φάλοισιν

146 813 346 899 νευόντων,
371 814 428 896 ως
452 815 589 884 πυκνοὶ
615 813 814 904 ἑφέςασαν
838 815 1070 910 ἀλλήλοισιν.

182 997 349 1086 Languide
373 1021 410 1064 ee
433 1000 503 1065 sine
525 1021 623 1065 nervo
647 1003 762 1068 ultime
785 1003 884 1068 verbe
903 1001 952 1102 ¹sie
975 1001 1094 1086 seripbu
1110 999 1284 1066 inBekke-

135 1111 227 1176 rinna
251 1111 391 1177 editione
415 1111 597 1176 adhaerenb.
623 1110 743 1177 Oonbra
766 1114 837 1204 erib,
862 1113 890 1177 si
914 1133 987 1177 eum
1010 1110 1188 1190 Dindorfi0,
1213 1113 1285 1177 aliis

136 1222 196 1287 hee
219 1223 441 1309 similibusque
464 1223 543 1288 loeis
567 1227 693 1290 muisis
716 1223 975 1310 interpunctione
987 1226 1019 1289 eb
1031 1224 1141 1289 addibo
1153 1228 1286 1291 uueeniu
1333 1207 1334 1211 Ἰ

135 1335 318 1402 scribimus:

137 1511 337 1585 νευόντων·
351 1513 403 1595 ὣς
416 1517 497 1602 (sive
505 1517 611 1601 posius
621 1501 688 1603 ὧς)
696 1510 838 1586 πυκναί
845 1513 1044 1603 ε’φέςασαν
1052 1514 1283 1603 ἀλλήλοισιν.

141 1687 236 1755 Reete
261 1694 336 1755 unis
359 1689 541 1757 Bekkerum
564 1692 718 1757 edebatur
740 1691 780 1756 Il.
809 1685 842 1761 0
866 1693 932 1758 696
957 1715 1021 1780 sq.:

169 1815 306 1922 ’φαίης
329 1835 364 1906 κ’
382 1806 567 1926 Ιἀκμῆτας
590 1838 658 1908 καὶ
683 1836 860 1947 ἀτειρέας
884 1836 1110 1926 ἀλλήλοισιν

189 1942 346 2016 ἀωτεσθ
372 1945 416 2018 ἐν
440 1945 598 2041 πολέμῳ·
617 1947 668 2029 ὣς
682 1951 715 2035 (l.
733 1947 798 2036 ὡς)
814 1949 1031 2039 ἐσσυμένως
1045 1951 1252 2042 ἐμάχοντο.

151 2133 198 2208 Ita
219 2135 256 2202 Π.
284 2136 322 2204 Ζ
345 2139 410 2204 108
435 2161 504 2226 sq.:

213 2303 294 2394 φάν
319 2297 364 2374 δέ
383 2309 458 2376 τιν’
482 2304 699 2376 ἀθανάτων
724 2304 764 2391 ἐξ
789 2306 955 2399 ου’ρανου
980 2307 1203 2399 ἀςερόεντος

215 2416 368 2505 Τρωσὶν
392 2414 630 2503 ἀλεξήσοντα
656 2415 903 2510 κατελθέμεν,
930 2418 982 2499 ως
1008 2417 1213 2509 ἐλέλιχθεν

145 2595 244 2677 probe
268 2594 382 2661 Wolfii
405 2595 587 2662 leeiionem:

355 2756 600 2847 κατελθέμεν·
625 2757 677 2839 ὣς
702 2762 737 2846 (l.
765 2745 834 2846 ὧς)
858 2757 1067 2852 ἐλέλιχθεν.

146 2925 196 2990 vel
232 2924 341 3010 potius
377 2946 450 2989 eum
485 2922 606 2989 (iubebo
629 2919 842 3012 ἐσέλιχθεν.
882 2923 968 2989 Nam
992 2926 1204 2991 certissimum
1228 2949 1295 2992 esse

147 3037 274 3102 videbur
296 3036 382 3121 quod
405 3040 479 3121 posi
503 3034 696 3113 Duwesium
721 3035 757 3099 in
781 3036 987 3102 Misceliaueis
1010 3035 1131 3102 Critieis
1143 3060 1173 3122 p.
1190 3037 1233 3102 39
1247 3060 1293 3122 sq.

147 3152 179 3213 eb
213 3172 244 3234 p.
286 3149 351 3212 193
387 3149 435 3213 ed.
467 3146 598 3212 Harless
623 3148 678 3231 (2-
710 3148 750 3212 51
777 3151 809 3213 eb
836 3148 899 3213 177
926 3149 973 3212 ed.
1000 3148 1097 3234 Angl.
1127 3151 1161 3235 1)
1185 3149 1296 3234 paucis

148 3260 252 3325 verbis
276 3259 457 3324 haedere
485 3263 679 3337 monenism,
708 3259 890 3345 nuperrime
919 3259 1020 3324 fusius
1044 3260 1094 3324 vir
1116 3259 1297 3346 praeclarus

149 3371 184 3434 in
211 3369 421 3455 Mnemosyne
445 3392 472 3434 a.
503 3370 592 3434 1874
615 3393 645 3455 p.
674 3371 741 3434 208
766 3392 834 3455 sqq.
854 3370 1094 3450 demonstravit,
1108 3392 1201 3456 saepe
1212 3371 1298 3457 apud

150 3480 327 3547 Homerum
361 3482 526 3568 perinepbe
561 3485 732 3568 utrumque
766 3462 900 3548 ierbum
930 3481 1098 3547 confusum
1121 3505 1198 3560 esse,
1222 3481 1298 3547 lieeb

151 3596 288 3660 mulium
323 3615 433 3660 vereor
469 3616 508 3658 ne
531 3593 728 3679 imprudenti
751 3595 927 3660 exciderinb
950 3596 1057 3674 verbu,
1083 3595 1200 3679 quibus
1224 3615 1297 3680 pag.

153 3705 218 3769 216
254 3705 388 3770 verbum
424 3697 604 3786 ἐλελίζειν
640 3729 660 3768 α
695 3707 882 3792 sequioribus
906 3707 1074 3792 poetastris
1097 3705 1209 3769 ficium
1233 3727 1300 3770 esse

12 3881 14 3910 ,
153 3816 326 3882 eontendib.
351 3815 445 3881 Nihil
468 3816 554 3881 enim
577 3838 740 3882 moramur
774 3817 984 3904 Apollonium
1012 3817 1184 3897 Rhodium,
1209 3815 1300 3882 Non·

154 3948 231 3991 num
255 3924 322 3992 καί
336 3928 364 3992 si
385 3928 443 4013 qui
466 3927 681 3992 sunthorum
704 3927 838 4006 similes;
865 3929 919 3992 sed
942 3929 1021 4014 quid
1045 3928 1197 3994 faciemus
1222 3927 1301 3993 Pn-

156 4057 238 4102 ωηο
263 4034 313 4103 01.
339 4037 399 4117 ΙΧ,
426 4039 469 4102 20
496 4039 638 4103 canenti:

224 4209 368 4311 ἀνδρὸς
392 4215 500 4306 ἀμφὶ
524 4214 799 4306 παλαίσμασιν
824 4215 1009 4312 φόρμιγγ’
1035 4217 1220 4304 ἐλελίζων,

160 4365 207 4429 vel
231 4365 326 4450 Pysh.
352 4363 370 4430 Ι
393 4365 547 4458 χρυσέα
573 4362 743 4458 φόρμιγξ
770 4403 811 4414 -

216 4507 467 4603 ἀγησιχόρων
492 4505 643 4579 ὁπόταν
668 4509 884 4598 προοιμίων
908 4507 1092 4598 ἀμβολᾶς
1117 4511 1256 4602 τεύχῃς

207 4618 459 4709 ἐλελιζομένα,
1392 4630 1395 4634 ’
