3054 5312
775 231 896 319 (ον

305 409 394 485 Quae
425 410 550 476 dicendi
581 416 777 482 consuetudo
813 417 939 484 Latinis
964 416 1107 505 (Caesari
1131 415 1329 502 praesertim)
1355 419 1402 478 cst

256 520 517 599 familiariorima
542 525 579 586 ut
602 527 675 607 post
698 547 874 609 pronomen
898 529 1070 594 relativum
1093 526 1332 592 substantivum
1355 546 1403 588 re-

256 636 394 716 petatur,
431 631 559 698 Graecis
590 636 677 721 quod
712 638 811 704 seiam
847 641 1024 727 incognita,
1057 640 1153 704 huius
1182 640 1291 726 primo
1318 639 1403 724 facie

259 745 439 830 exemplum
464 749 572 811 extare
596 747 724 813 videtur
748 773 792 816 vs.
821 754 887 817 208
914 775 977 837 sq.:

281 879 404 956 παῖδα
429 882 465 957 δ’
491 883 616 974 ἔδοξα,
643 893 784 983 φέριςι,
810 896 935 985 σαφὲς
960 889 1065 966 δὀὐκ
1090 887 1193 974 οἶδα,
1219 898 1371 977 νοῆσαι,

281 995 382 1083 ὅςις
408 995 428 1069 ὁ
453 1011 560 1081 παῖς
585 1000 669 1088 ἅμα
693 999 843 1090 βουσίν
867 1008 1112 1101 ἐϋκραιρῃσιν
1138 997 1280 1091 ὀπήδει,

281 1111 427 1195 νήπιος,
452 1105 533 1204 εἶχε
558 1107 599 1183 δὲ
625 1108 788 1206 ῥάβδον.

303 1260 358 1326 An
379 1262 487 1348 potius
510 1262 599 1329 locus
624 1265 670 1329 sic
693 1265 988 1352 inter-pungendus:

1081 1399 1231 1480 νοῆσαι

305 1499 406 1586 ὅςις
432 1498 453 1571 ὁ
478 1512 598 1584 παῖς,
623 1501 708 1595 ἄμα
734 1502 807 1575 κτὲ.

202 1689 207 1702 1
256 1653 394 1738 quiaquia
417 1651 495 1737 (est)
519 1653 575 1715 iate
594 1675 676 1738 puer
700 1656 796 1718 cett?
822 1650 870 1718 Of.
898 1675 942 1717 ve.
971 1652 1048 1717 277.
1087 1650 1134 1716 Ab
1157 1651 1204 1715 ita
1227 1672 1337 1716 vereor
1360 1674 1403 1716 ne
1499 1667 1504 1718 J

257 1761 431 1827 offensione
454 1783 521 1826 nou
545 1765 652 1826 careat
676 1763 863 1847 asyndeton.
900 1761 1014 1828 Restat
1038 1763 1138 1848 (quod
1163 1766 1195 1827 et
1218 1763 1325 1847 ipsum
1348 1762 1403 1826 du·
1504 1828 1505 1854 ἒ

257 1894 330 1938 rum
353 1872 494 1960 videtur)
519 1877 556 1938 ut
580 1875 697 1960 duplex
726 1875 851 1939 functio
877 1875 1040 1940 tribuatur
1062 1874 1245 1960 pronomini
1257 1870 1355 1959 ὅςας,
1369 1879 1402 1940 et

257 1984 514 2068 interpretemur,
552 1987 606 2072 qui
635 2009 717 2071 puer
741 1988 878 2073 quisquis
902 1999 957 2066 eet,
991 1987 1106 2052 saltem
1131 2008 1197 2051 non
1221 1986 1321 2050 nude:
1349 1987 1403 2073 qui

252 2118 345 2183 puer,
368 2100 405 2161 ut
428 2095 550 2162 factum
574 2118 641 2162 esse
665 2097 767 2163 video.

302 2208 378 2274 Sine
401 2209 546 2294 exemplo
569 2210 702 2274 verbum
727 2206 896 2276 ἐπαινεῖν
922 2208 1103 2273 construxit
1124 2209 1220 2272 simul
1244 2230 1317 2273 cum
1335 2193 1398 2272 Δο-

256 2320 398 2385 ousativo
422 2320 469 2384 rei
493 2323 525 2384 et
548 2319 668 2385 Dativo
692 2341 845 2405 personae
869 2342 914 2384 vs.
941 2319 1026 2384 457:
1507 2306 1508 2386 l

301 2440 357 2532 ἷζε
380 2448 501 2516 πέπον
525 2447 593 2515 καὶ
616 2449 778 2536 μῦθον
803 2445 952 2518 ἐπαίνει
975 2445 1338 2539 πρεσβυτέροισι.

256 2574 342 2641 Nam
365 2576 401 2641 in
424 2577 494 2642 loco
518 2576 630 2642 Iliadis
654 2578 696 2642 Σ
719 2577 801 2642 312:

344 2701 497 2798 Ἕκτορι
515 2705 592 2794 Ιμέν
613 2705 687 2798 γάρ
712 2701 904 2796 ἐπῄνησαν
927 2702 1029 2774 κακοὶ
1051 2703 1261 2794 μητιόωντι

255 2835 473 2902 accusativum
496 2857 563 2900 non
586 2835 723 2920 pendere
747 2835 789 2900 ab
815 2830 1008 2923 ἐπῄνησαν
1030 2821 1098 2899 non
1120 2856 1200 2919 opus
1217 2838 1266 2899 est
1282 2834 1392 2899 dicam.

300 3001 383 3077 Quia
405 3006 515 3066 tamen
538 3000 683 3086 sequitur
705 3020 815 3064 uersus
833 2992 1146 3086 ὁμοιοτελεοτῶνι
1162 3000 1242 3067 νῦν·
1251 2995 1326 3090 γάρ
1337 3018 1394 3064 τοι

253 3110 363 3193 κλέος
388 3105 534 3181 ἐσθλὸν
558 3108 602 3181 ἐν
625 3107 919 3178 ἀθανάτοισι
953 3109 1106 3177 θεοῖσι
1130 3111 1296 3195 probabile
1319 3112 1390 3196 puto

252 3226 429 3292 scribarum
452 3247 557 3291 errore
580 3225 628 3289 ita
651 3224 716 3308 legi
740 3227 772 3287 et
791 3222 969 3308 genuinum
981 3218 1387 3314 οοοοπρεσβοτέροιο.

253 3336 402 3404 Ceterum
425 3359 483 3422 per
506 3358 539 3400 se
562 3335 598 3400 in
621 3334 740 3420 plurali
763 3332 847 3396 nihil
870 3335 920 3396 est
943 3330 1137 3397 offensioniu
1164 3330 1212 3397 Of.
1238 3355 1284 3400 ve.
1313 3337 1390 3402 386:

742 3475 788 3546 σι)
812 3469 848 3544 δ’
874 3471 1193 3568 ὁπλοτέροισιν
1218 3475 1339 3573 ἄρηγε.

253 3635 314 3704 Sed
337 3631 447 3698 redibo
471 3631 512 3694 ad
536 3649 679 3714 eaquae
702 3627 847 3692 excusari
870 3647 999 3711 prorsus
1022 3633 1195 3712 nequermt.

300 3857 425 3923 Ibidem
448 3879 493 3921 vs.
522 3855 604 3921 109:

303 3996 452 4092 δάφνης
476 3997 626 4095 α’γλαὸν
649 3996 741 4083 ὄζον
767 3996 861 4069 ἑλὼν
886 3996 1066 4087 ἐπέλεψε
1090 3992 1231 4094 σιδήρῳ

300 4113 479 4222 ἄρμενον
493 4113 537 4184 ἐν
561 4110 729 4204 παλάμῃ·
756 4111 933 4202 ἄμπνυτο
958 4102 998 4179 δὲ
1024 4109 1168 4204 θερμὸς
1190 4109 1343 4205 α’ϋτμὴ.

300 4333 496 4400 Decorta'oaro
520 4327 639 4394 Graece
669 4329 718 4391 est
749 4329 806 4390 aut
830 4320 1079 4409 απολέπειν,
1104 4334 1161 4395 aut
1184 4331 1223 4397 de
1246 4334 1391 4399 rotrmdie

253 4444 471 4528 teretibusque
495 4434 751 4529 περιλέπειν
784 4436 838 4523 (of.
864 4436 903 4501 Π.
938 4435 983 4514 Α,
1010 4439 1104 4525 236),
1129 4443 1184 4506 scd
1207 4438 1392 4512 ἐπιλέπειν

254 4558 428 4625 ποτιπέσω
451 4575 518 4618 csse
542 4550 752 4636 compositum
775 4548 846 4632 ipsa
869 4547 915 4612 rei
938 4549 1022 4615 ratio
1035 4551 1274 4620 abundedocet.
1300 4555 1390 4620 Nihil
