<?xml version="1.0" encoding="UTF-8"?>
<!DOCTYPE html PUBLIC "-//W3C//DTD XHTML 1.0 Transitional//EN"
    "http://www.w3.org/TR/xhtml1/DTD/xhtml1-transitional.dtd">
<html xmlns="http://www.w3.org/1999/xhtml" xml:lang="en" lang="en">
 <head>
  <title>
</title>
<meta http-equiv="Content-Type" content="text/html;charset=utf-8" />
  <meta name='ocr-system' content='tesseract 3.04.00' />
  <meta name='ocr-capabilities' content='ocr_page ocr_carea ocr_par ocr_line ocrx_word'/>
</head>
<body>
  <div class='ocr_page' id='page_1' title='image "./quaestiunculaee00herwgoog_0094.png"; bbox 0 0 3054 5312; ppageno 0'>
   <div class='ocr_carea' id='block_1_1' title="bbox 642 241 764 326">
    <p class='ocr_par' dir='ltr' id='par_1_1' title="bbox 642 241 764 326">
     <span class='ocr_line' id='line_1_1' title="bbox 642 241 764 326; baseline 0.008 -1"><span class='ocrx_word' id='word_1_1' title='bbox 642 241 764 326; x_wconf 82' lang='lat'><strong>(81)</strong></span> 
     </span>
    </p>
   </div>
   <div class='ocr_carea' id='block_1_2' title="bbox 126 421 1279 621">
    <p class='ocr_par' dir='ltr' id='par_1_2' title="bbox 126 421 1279 621">
     <span class='ocr_line' id='line_1_2' title="bbox 126 421 1279 512; baseline 0.008 -25"><span class='ocrx_word' id='word_1_2' title='bbox 126 422 266 507; x_wconf 86' lang='lat' dir='ltr'><strong><em>publica.</em></strong></span> <span class='ocrx_word' id='word_1_3' title='bbox 293 421 398 498; x_wconf 81' lang='lat' dir='ltr'><strong><em>Quare</em></strong></span> <span class='ocrx_word' id='word_1_4' title='bbox 421 425 549 490; x_wconf 85' lang='lat' dir='ltr'><strong><em>veniam</em></strong></span> <span class='ocrx_word' id='word_1_5' title='bbox 571 429 647 512; x_wconf 89' lang='lat' dir='ltr'><strong><em>peto</em></strong></span> <span class='ocrx_word' id='word_1_6' title='bbox 671 447 690 490; x_wconf 88' lang='lat' dir='ltr'><strong><em>a</em></strong></span> <span class='ocrx_word' id='word_1_7' title='bbox 714 426 831 492; x_wconf 89' lang='lat' dir='ltr'><strong><em>lectore</em></strong></span> <span class='ocrx_word' id='word_1_8' title='bbox 855 429 884 492; x_wconf 87' lang='lat' dir='ltr'><strong><em>si</em></strong></span> <span class='ocrx_word' id='word_1_9' title='bbox 899 428 982 493; x_wconf 87' lang='lat' dir='ltr'><strong><em>forte</em></strong></span> <span class='ocrx_word' id='word_1_10' title='bbox 995 451 1094 494; x_wconf 71' lang='lat' dir='ltr'><strong><em>urnam</em></strong></span> <span class='ocrx_word' id='word_1_11' title='bbox 1105 430 1279 496; x_wconf 83' lang='lat' dir='ltr'><strong><em>alteramve</em></strong></span> 
     </span>
     <span class='ocr_line' id='line_1_3' title="bbox 127 533 910 621; baseline 0.004 -22"><span class='ocrx_word' id='word_1_12' title='bbox 127 533 345 602; x_wconf 85' lang='lat' dir='ltr'><strong><em>coniecturam</em></strong></span> <span class='ocrx_word' id='word_1_13' title='bbox 369 539 559 620; x_wconf 87' lang='lat' dir='ltr'><strong><em>occupatam</em></strong></span> <span class='ocrx_word' id='word_1_14' title='bbox 582 537 624 602; x_wconf 90' lang='lat' dir='ltr'><strong><em>ab</em></strong></span> <span class='ocrx_word' id='word_1_15' title='bbox 648 537 712 602; x_wconf 88' lang='lat' dir='ltr'><strong><em>alio</em></strong></span> <span class='ocrx_word' id='word_1_16' title='bbox 736 537 910 621; x_wconf 85' lang='lat' dir='ltr'><strong><em>protulero.</em></strong></span> 
     </span>
    </p>
   </div>
   <div class='ocr_carea' id='block_1_3' title="bbox 127 754 1275 959">
    <p class='ocr_par' dir='ltr' id='par_1_3' title="bbox 127 754 1275 959">
     <span class='ocr_line' id='line_1_4' title="bbox 175 754 1275 842; baseline 0.009 -22"><span class='ocrx_word' id='word_1_17' title='bbox 175 754 385 820; x_wconf 81' lang='lat' dir='ltr'><strong><em>Emanooaus</em></strong></span> <span class='ocrx_word' id='word_1_18' title='bbox 409 777 460 842; x_wconf 83' lang='lat' dir='ltr'><strong><em>sp.</em></strong></span> <span class='ocrx_word' id='word_1_19' title='bbox 486 755 572 821; x_wconf 90' lang='lat' dir='ltr'><strong><em>Plut.</em></strong></span> <span class='ocrx_word' id='word_1_20' title='bbox 601 757 639 822; x_wconf 88' lang='lat' dir='ltr'><strong><em>de</em></strong></span> <span class='ocrx_word' id='word_1_21' title='bbox 671 757 768 822; x_wconf 84' lang='lat' dir='ltr'><strong><em>exilio</em></strong></span> <span class='ocrx_word' id='word_1_22' title='bbox 792 780 819 822; x_wconf 91' lang='lat' dir='ltr'><strong><em>c.</em></strong></span> <span class='ocrx_word' id='word_1_23' title='bbox 849 759 903 838; x_wconf 83' lang='lat'><strong><em>17,</em></strong></span> <span class='ocrx_word' id='word_1_24' title='bbox 928 759 967 824; x_wconf 91' lang='lat' dir='ltr'><strong><em>de</em></strong></span> <span class='ocrx_word' id='word_1_25' title='bbox 991 759 1076 826; x_wconf 89' lang='lat' dir='ltr'><strong><em>Iside</em></strong></span> <span class='ocrx_word' id='word_1_26' title='bbox 1100 765 1134 828; x_wconf 89' lang='lat' dir='ltr'><strong><em>at</em></strong></span> <span class='ocrx_word' id='word_1_27' title='bbox 1157 761 1275 830; x_wconf 89' lang='lat' dir='ltr'><strong><em>Osirid.</em></strong></span> 
     </span>
     <span class='ocr_line' id='line_1_5' title="bbox 127 865 1239 959; baseline 0.008 -28"><span class='ocrx_word' id='word_1_28' title='bbox 127 887 154 931; x_wconf 83' lang='lat' dir='ltr'><strong><em>a.</em></strong></span> <span class='ocrx_word' id='word_1_29' title='bbox 183 867 242 944; x_wconf 76' lang='lat'><strong><em>263</em></strong></span> <span class='ocrx_word' id='word_1_30' title='bbox 267 867 355 932; x_wconf 77' lang='lat' dir='ltr'><strong><em>Phil.</em></strong></span> <span class='ocrx_word' id='word_1_31' title='bbox 385 865 442 934; x_wconf 81' lang='lat' dir='ltr'><strong><em>Ge.</em></strong></span> <span class='ocrx_word' id='word_1_32' title='bbox 472 880 528 933; x_wconf 79' lang='lat' dir='ltr'><strong><em>cet.</em></strong></span> <span class='ocrx_word' id='word_1_33' title='bbox 554 891 603 954; x_wconf 84' lang='lat' dir='ltr'><strong><em>op.</em></strong></span> <span class='ocrx_word' id='word_1_34' title='bbox 630 870 778 956; x_wconf 79' lang='lat' dir='ltr'><strong><em>reliquiae</em></strong></span> <span class='ocrx_word' id='word_1_35' title='bbox 802 893 859 934; x_wconf 79' lang='lat' dir='ltr'><strong><em>rec.</em></strong></span> <span class='ocrx_word' id='word_1_36' title='bbox 886 869 1027 936; x_wconf 85' lang='lat' dir='ltr'><strong><em>Karsten</em></strong></span> <span class='ocrx_word' id='word_1_37' title='bbox 1051 871 1096 946; x_wconf 84' lang='grc' dir='ltr'><strong><em>Π,</em></strong></span> <span class='ocrx_word' id='word_1_38' title='bbox 1120 896 1152 959; x_wconf 91' lang='lat' dir='ltr'><strong><em>p.</em></strong></span> <span class='ocrx_word' id='word_1_39' title='bbox 1180 875 1239 940; x_wconf 84' lang='lat'><strong><em>84:</em></strong></span> 
     </span>
    </p>
   </div>
   <div class='ocr_carea' id='block_1_4' title="bbox 173 993 1226 1318">
    <p class='ocr_par' dir='ltr' id='par_1_4' title="bbox 173 993 1226 1318">
     <span class='ocr_line' id='line_1_6' title="bbox 173 993 1226 1094; baseline 0.011 -28"><span class='ocrx_word' id='word_1_40' title='bbox 173 993 289 1083; x_wconf 83' lang='grc' dir='ltr'><em>Ἔςιν</em></span> <span class='ocrx_word' id='word_1_41' title='bbox 315 995 504 1092; x_wconf 79' lang='grc' dir='ltr'><em>Ἀνάγκης</em></span> <span class='ocrx_word' id='word_1_42' title='bbox 526 1009 694 1094; x_wconf 78' lang='grc' dir='ltr'><em>χρῆμα,</em></span> <span class='ocrx_word' id='word_1_43' title='bbox 720 1003 822 1072; x_wconf 70' lang='lat' dir='ltr'><strong><em>esee</em></strong></span> <span class='ocrx_word' id='word_1_44' title='bbox 847 1020 1032 1092; x_wconf 76' lang='grc' dir='ltr'><em>ψηφισμα</em></span> <span class='ocrx_word' id='word_1_45' title='bbox 1057 1001 1226 1078; x_wconf 78' lang='grc' dir='ltr'><em>παλαιὸν</em></span> 
     </span>
     <span class='ocr_line' id='line_1_7' title="bbox 176 1103 1116 1218; baseline 0.004 -40"><span class='ocrx_word' id='word_1_46' title='bbox 176 1103 320 1218; x_wconf 72' lang='lat' dir='ltr'><strong><em>disiice,</em></strong></span> <span class='ocrx_word' id='word_1_47' title='bbox 344 1108 543 1180; x_wconf 80' lang='grc' dir='ltr'><em>πλαιέεσσι</em></span> <span class='ocrx_word' id='word_1_48' title='bbox 568 1114 948 1207; x_wconf 79' lang='grc' dir='ltr'><em>κατεσφρηγισμένος</em></span> <span class='ocrx_word' id='word_1_49' title='bbox 974 1112 1116 1208; x_wconf 82' lang='grc' dir='ltr'><em>ὅρκοις·</em></span> 
     </span>
     <span class='ocr_line' id='line_1_8' title="bbox 176 1219 1217 1318; baseline 0.003 -28"><span class='ocrx_word' id='word_1_50' title='bbox 176 1223 260 1292; x_wconf 81' lang='grc' dir='ltr'><strong><em>εντέ</em></strong></span> <span class='ocrx_word' id='word_1_51' title='bbox 280 1246 341 1302; x_wconf 85' lang='grc' dir='ltr'><strong><em>τις</em></strong></span> <span class='ocrx_word' id='word_1_52' title='bbox 366 1219 607 1315; x_wconf 75' lang='grc' dir='ltr'><em>ἀμπλακίῃσι</em></span> <span class='ocrx_word' id='word_1_53' title='bbox 631 1223 738 1318; x_wconf 87' lang='grc' dir='ltr'><em>φόνῳ</em></span> <span class='ocrx_word' id='word_1_54' title='bbox 764 1223 861 1312; x_wconf 82' lang='grc' dir='ltr'><strong><em>φίλα</em></strong></span> <span class='ocrx_word' id='word_1_55' title='bbox 884 1234 976 1316; x_wconf 81' lang='grc' dir='ltr'><em>γυῖα</em></span> <span class='ocrx_word' id='word_1_56' title='bbox 1001 1229 1117 1316; x_wconf 77' lang='grc' dir='ltr'><em>μιήνῃ</em></span> <span class='ocrx_word' id='word_1_57' title='bbox 1142 1224 1217 1296; x_wconf 84' lang='grc' dir='ltr'><strong><em>κτὲ.</em></strong></span> 
     </span>
    </p>
   </div>
   <div class='ocr_carea' id='block_1_5' title="bbox 103 1366 1280 2346">
    <p class='ocr_par' dir='ltr' id='par_1_5' title="bbox 103 1366 1280 2346">
     <span class='ocr_line' id='line_1_9' title="bbox 176 1366 1277 1462; baseline 0.005 -28"><span class='ocrx_word' id='word_1_58' title='bbox 176 1369 310 1436; x_wconf 82' lang='lat' dir='ltr'><strong><em>Praeter</em></strong></span> <span class='ocrx_word' id='word_1_59' title='bbox 333 1368 506 1448; x_wconf 71' lang='lat' dir='ltr'><strong><em>Sttrzinm,</em></strong></span> <span class='ocrx_word' id='word_1_60' title='bbox 535 1366 725 1462; x_wconf 84' lang='grc' dir='ltr'><em>Ἀνάγκης</em></span> <span class='ocrx_word' id='word_1_61' title='bbox 748 1379 885 1460; x_wconf 76' lang='grc' dir='ltr'><em>χρῆμα</em></span> <span class='ocrx_word' id='word_1_62' title='bbox 910 1373 1168 1458; x_wconf 87' lang='lat' dir='ltr'><strong><em>interpretatum,</em></strong></span> <span class='ocrx_word' id='word_1_63' title='bbox 1191 1375 1277 1460; x_wconf 91' lang='lat' dir='ltr'><strong><em>quod</em></strong></span> 
     </span>
     <span class='ocr_line' id='line_1_10' title="bbox 103 1482 1275 1563; baseline 0.003 -17"><span class='ocrx_word' id='word_1_64' title='bbox 103 1482 221 1548; x_wconf 83' lang='lat' dir='ltr'><strong><em>unica</em></strong></span> <span class='ocrx_word' id='word_1_65' title='bbox 245 1482 397 1548; x_wconf 86' lang='lat' dir='ltr'><strong><em>convenit</em></strong></span> <span class='ocrx_word' id='word_1_66' title='bbox 428 1504 501 1548; x_wconf 87' lang='lat' dir='ltr'><strong><em>oum</em></strong></span> <span class='ocrx_word' id='word_1_67' title='bbox 526 1483 673 1548; x_wconf 79' lang='lat' dir='ltr'>vocabuli</span> <span class='ocrx_word' id='word_1_68' title='bbox 705 1483 848 1562; x_wconf 88' lang='lat' dir='ltr'><strong><em>notione,</em></strong></span> <span class='ocrx_word' id='word_1_69' title='bbox 873 1507 939 1548; x_wconf 81' lang='lat' dir='ltr'><strong><em>cecc</em></strong></span> <span class='ocrx_word' id='word_1_70' title='bbox 963 1487 1161 1563; x_wconf 74' lang='lat' dir='ltr'><strong><em>necessitates,</em></strong></span> <span class='ocrx_word' id='word_1_71' title='bbox 1187 1506 1275 1550; x_wconf 87' lang='lat' dir='ltr'><strong><em>eom-</em></strong></span> 
     </span>
     <span class='ocr_line' id='line_1_11' title="bbox 127 1594 1277 1679; baseline 0.003 -22"><span class='ocrx_word' id='word_1_72' title='bbox 127 1596 322 1660; x_wconf 88' lang='lat' dir='ltr'><strong><em>mentatoras</em></strong></span> <span class='ocrx_word' id='word_1_73' title='bbox 352 1594 548 1679; x_wconf 81' lang='lat' dir='ltr'><strong><em>intellegunt</em></strong></span> <span class='ocrx_word' id='word_1_74' title='bbox 583 1597 769 1660; x_wconf 72' lang='lat' dir='ltr'><strong><em>necessitatis</em></strong></span> <span class='ocrx_word' id='word_1_75' title='bbox 800 1595 905 1679; x_wconf 78' lang='lat' dir='ltr'><strong><em>fotum</em></strong></span> <span class='ocrx_word' id='word_1_76' title='bbox 940 1617 964 1659; x_wconf 87' lang='lat' dir='ltr'><strong><em>s.</em></strong></span> <span class='ocrx_word' id='word_1_77' title='bbox 1011 1597 1174 1675; x_wconf 73' lang='grc' dir='ltr'><em>ἀναοιιακ,</em></span> <span class='ocrx_word' id='word_1_78' title='bbox 1199 1595 1277 1661; x_wconf 83' lang='lat' dir='ltr'><strong><em>affe-</em></strong></span> 
     </span>
     <span class='ocr_line' id='line_1_12' title="bbox 125 1701 1275 1791; baseline 0.003 -22"><span class='ocrx_word' id='word_1_79' title='bbox 125 1709 233 1770; x_wconf 88' lang='lat' dir='ltr'><strong><em>rentes</em></strong></span> <span class='ocrx_word' id='word_1_80' title='bbox 268 1705 335 1769; x_wconf 84' lang='lat' dir='ltr'><strong><em>sive</em></strong></span> <span class='ocrx_word' id='word_1_81' title='bbox 370 1703 540 1770; x_wconf 77' lang='lat' dir='ltr'><strong><em>Platonem</em></strong></span> <span class='ocrx_word' id='word_1_82' title='bbox 574 1705 610 1769; x_wconf 92' lang='lat' dir='ltr'><strong><em>in</em></strong></span> <span class='ocrx_word' id='word_1_83' title='bbox 650 1704 795 1771; x_wconf 85' lang='lat' dir='ltr'><strong><em>Phaedro</em></strong></span> <span class='ocrx_word' id='word_1_84' title='bbox 830 1729 861 1790; x_wconf 88' lang='lat' dir='ltr'><strong><em>p.</em></strong></span> <span class='ocrx_word' id='word_1_85' title='bbox 902 1706 968 1771; x_wconf 83' lang='lat'><strong><em>248</em></strong></span> <span class='ocrx_word' id='word_1_86' title='bbox 1005 1706 1062 1790; x_wconf 89' lang='lat' dir='ltr'><strong><em>qui</em></strong></span> <span class='ocrx_word' id='word_1_87' title='bbox 1099 1701 1275 1791; x_wconf 78' lang='grc' dir='ltr'><em>θεσμὸς</em></span> 
     </span>
     <span class='ocr_line' id='line_1_13' title="bbox 129 1808 1276 1906; baseline 0 -24"><span class='ocrx_word' id='word_1_88' title='bbox 129 1808 376 1906; x_wconf 79' lang='grc' dir='ltr'><em>Ἀδραςειάς,</em></span> <span class='ocrx_word' id='word_1_89' title='bbox 410 1817 477 1882; x_wconf 87' lang='lat' dir='ltr'><strong><em>sive</em></strong></span> <span class='ocrx_word' id='word_1_90' title='bbox 508 1817 801 1903; x_wconf 83' lang='lat' dir='ltr'><strong><em>pseudo-Gorgiam</em></strong></span> <span class='ocrx_word' id='word_1_91' title='bbox 836 1819 873 1882; x_wconf 89' lang='lat' dir='ltr'><strong><em>iu</em></strong></span> <span class='ocrx_word' id='word_1_92' title='bbox 907 1817 1040 1883; x_wconf 83' lang='lat' dir='ltr'><strong><em>Encom.</em></strong></span> <span class='ocrx_word' id='word_1_93' title='bbox 1076 1817 1149 1884; x_wconf 89' lang='lat' dir='ltr'><strong><em>Hel.</em></strong></span> <span class='ocrx_word' id='word_1_94' title='bbox 1172 1842 1205 1904; x_wconf 90' lang='lat' dir='ltr'><strong><em>p.</em></strong></span> <span class='ocrx_word' id='word_1_95' title='bbox 1232 1819 1276 1882; x_wconf 89' lang='grc'><strong><em>94</em></strong></span> 
     </span>
     <span class='ocr_line' id='line_1_14' title="bbox 130 1922 1279 2017; baseline -0.001 -24"><span class='ocrx_word' id='word_1_96' title='bbox 130 1927 238 1993; x_wconf 85' lang='lat' dir='ltr'><strong><em>Reisk.</em></strong></span> <span class='ocrx_word' id='word_1_97' title='bbox 272 1927 329 2012; x_wconf 92' lang='lat' dir='ltr'><strong><em>qui</em></strong></span> <span class='ocrx_word' id='word_1_98' title='bbox 362 1922 534 2017; x_wconf 87' lang='grc' dir='ltr'><em>άνάγκης</em></span> <span class='ocrx_word' id='word_1_99' title='bbox 561 1927 747 2014; x_wconf 76' lang='grc' dir='ltr'><em>ψήφισμα</em></span> <span class='ocrx_word' id='word_1_100' title='bbox 771 1929 898 1994; x_wconf 83' lang='lat' dir='ltr'><strong><em>dixerit.</em></strong></span> <span class='ocrx_word' id='word_1_101' title='bbox 937 1927 1066 2015; x_wconf 86' lang='lat' dir='ltr'><strong><em>Optima</em></strong></span> <span class='ocrx_word' id='word_1_102' title='bbox 1089 1929 1219 2014; x_wconf 87' lang='lat' dir='ltr'><strong><em>quidem</em></strong></span> <span class='ocrx_word' id='word_1_103' title='bbox 1243 1929 1279 1992; x_wconf 94' lang='lat' dir='ltr'><strong><em>hi</em></strong></span> 
     </span>
     <span class='ocr_line' id='line_1_15' title="bbox 129 2037 1279 2124; baseline 0.001 -22"><span class='ocrx_word' id='word_1_104' title='bbox 129 2038 359 2103; x_wconf 80' lang='lat' dir='ltr'><strong><em>intellexeruut</em></strong></span> <span class='ocrx_word' id='word_1_105' title='bbox 389 2038 468 2123; x_wconf 90' lang='lat' dir='ltr'><strong><em>quid</em></strong></span> <span class='ocrx_word' id='word_1_106' title='bbox 504 2043 598 2123; x_wconf 90' lang='lat' dir='ltr'><strong><em>poeta</em></strong></span> <span class='ocrx_word' id='word_1_107' title='bbox 622 2038 771 2117; x_wconf 84' lang='lat' dir='ltr'><strong><em>voluerit,</em></strong></span> <span class='ocrx_word' id='word_1_108' title='bbox 797 2040 852 2104; x_wconf 90' lang='lat' dir='ltr'><strong><em>sed</em></strong></span> <span class='ocrx_word' id='word_1_109' title='bbox 876 2039 956 2124; x_wconf 87' lang='lat' dir='ltr'><strong><em>quin</em></strong></span> <span class='ocrx_word' id='word_1_110' title='bbox 980 2038 1135 2104; x_wconf 85' lang='lat' dir='ltr'><strong><em>vocabulo</em></strong></span> <span class='ocrx_word' id='word_1_111' title='bbox 1157 2037 1279 2103; x_wconf 86' lang='lat' dir='ltr'><strong><em>Graeco</em></strong></span> 
     </span>
     <span class='ocr_line' id='line_1_16' title="bbox 129 2148 1280 2235; baseline -0.003 -19"><span class='ocrx_word' id='word_1_112' title='bbox 129 2151 197 2216; x_wconf 77' lang='lat' dir='ltr'><strong><em>vim</em></strong></span> <span class='ocrx_word' id='word_1_113' title='bbox 220 2149 392 2214; x_wconf 73' lang='lat' dir='ltr'><strong><em>intulerint</em></strong></span> <span class='ocrx_word' id='word_1_114' title='bbox 414 2148 476 2214; x_wconf 89' lang='lat' dir='ltr'><strong><em>hac</em></strong></span> <span class='ocrx_word' id='word_1_115' title='bbox 497 2150 635 2214; x_wconf 81' lang='lat' dir='ltr'><strong><em>admissa</em></strong></span> <span class='ocrx_word' id='word_1_116' title='bbox 660 2150 883 2235; x_wconf 69' lang='lat' dir='ltr'><strong><em>explicatione,</em></strong></span> <span class='ocrx_word' id='word_1_117' title='bbox 901 2150 1033 2214; x_wconf 91' lang='lat' dir='ltr'><strong><em>minime</em></strong></span> <span class='ocrx_word' id='word_1_118' title='bbox 1056 2148 1178 2213; x_wconf 87' lang='lat' dir='ltr'><strong><em>dubito.</em></strong></span> <span class='ocrx_word' id='word_1_119' title='bbox 1205 2149 1280 2215; x_wconf 89' lang='lat' dir='ltr'><strong><em>Una</em></strong></span> 
     </span>
     <span class='ocr_line' id='line_1_17' title="bbox 131 2259 1231 2346; baseline -0.004 -20"><span class='ocrx_word' id='word_1_120' title='bbox 131 2261 249 2326; x_wconf 88' lang='lat' dir='ltr'><strong><em>omissa</em></strong></span> <span class='ocrx_word' id='word_1_121' title='bbox 272 2261 402 2325; x_wconf 87' lang='lat' dir='ltr'><strong><em>literula</em></strong></span> <span class='ocrx_word' id='word_1_122' title='bbox 426 2259 613 2346; x_wconf 82' lang='lat' dir='ltr'><strong><em>Empedocli</em></strong></span> <span class='ocrx_word' id='word_1_123' title='bbox 634 2261 830 2327; x_wconf 90' lang='lat' dir='ltr'><strong><em>reddendum</em></strong></span> <span class='ocrx_word' id='word_1_124' title='bbox 853 2261 959 2326; x_wconf 86' lang='lat' dir='ltr'><strong><em>fuerat</em></strong></span> <span class='ocrx_word' id='word_1_125' title='bbox 980 2259 1066 2346; x_wconf 83' lang='lat' dir='ltr'><strong><em>quod¹</em></strong></span> <span class='ocrx_word' id='word_1_126' title='bbox 1090 2259 1231 2344; x_wconf 83' lang='lat' dir='ltr'><strong><em>scripsit:</em></strong></span> 
     </span>
    </p>
   </div>
   <div class='ocr_carea' id='block_1_6' title="bbox 153 2390 1277 2488">
    <p class='ocr_par' dir='ltr' id='par_1_6' title="bbox 153 2390 1277 2488">
     <span class='ocr_line' id='line_1_18' title="bbox 153 2390 1277 2488; baseline 0 -26"><span class='ocrx_word' id='word_1_127' title='bbox 153 2391 266 2480; x_wconf 79' lang='grc' dir='ltr'><em>’Έςιν</em></span> <span class='ocrx_word' id='word_1_128' title='bbox 292 2392 481 2488; x_wconf 81' lang='grc' dir='ltr'><em>Ἀνάγκης</em></span> <span class='ocrx_word' id='word_1_129' title='bbox 506 2393 638 2483; x_wconf 77' lang='grc' dir='ltr'><em>ῥῆμα,</em></span> <span class='ocrx_word' id='word_1_130' title='bbox 665 2397 768 2467; x_wconf 78' lang='grc' dir='ltr'><em>θεῶν</em></span> <span class='ocrx_word' id='word_1_131' title='bbox 794 2397 981 2486; x_wconf 74' lang='grc' dir='ltr'><em>ψήφισμα</em></span> <span class='ocrx_word' id='word_1_132' title='bbox 1008 2391 1178 2465; x_wconf 81' lang='grc' dir='ltr'><em>παλαιὸν</em></span> <span class='ocrx_word' id='word_1_133' title='bbox 1202 2390 1277 2462; x_wconf 83' lang='grc' dir='ltr'><strong><em>κτὲ.</em></strong></span> 
     </span>
    </p>
   </div>
   <div class='ocr_carea' id='block_1_7' title="bbox 129 2597 1278 2800">
    <p class='ocr_par' dir='ltr' id='par_1_7' title="bbox 129 2597 1278 2800">
     <span class='ocr_line' id='line_1_19' title="bbox 176 2597 1278 2688; baseline -0.002 -22"><span class='ocrx_word' id='word_1_134' title='bbox 176 2601 386 2668; x_wconf 80' lang='lat' dir='ltr'><strong><em>Ermuuoauas</em></strong></span> <span class='ocrx_word' id='word_1_135' title='bbox 410 2624 460 2687; x_wconf 87' lang='lat' dir='ltr'><strong><em>ap.</em></strong></span> <span class='ocrx_word' id='word_1_136' title='bbox 487 2600 642 2667; x_wconf 80' lang='lat' dir='ltr'><strong><em>Clement.</em></strong></span> <span class='ocrx_word' id='word_1_137' title='bbox 667 2600 761 2667; x_wconf 83' lang='lat' dir='ltr'><strong><em>Alex.</em></strong></span> <span class='ocrx_word' id='word_1_138' title='bbox 788 2600 903 2668; x_wconf 81' lang='lat' dir='ltr'><strong><em>Strom.</em></strong></span> <span class='ocrx_word' id='word_1_139' title='bbox 930 2602 961 2667; x_wconf 89' lang='lat' dir='ltr'><strong>V</strong></span> <span class='ocrx_word' id='word_1_140' title='bbox 985 2626 1016 2688; x_wconf 92' lang='lat' dir='ltr'><strong><em>p.</em></strong></span> <span class='ocrx_word' id='word_1_141' title='bbox 1044 2600 1112 2666; x_wconf 84' lang='lat'><strong><em>554</em></strong></span> <span class='ocrx_word' id='word_1_142' title='bbox 1137 2597 1172 2679; x_wconf 81' lang='grc' dir='ltr'><strong><em>Ο,</em></strong></span> <span class='ocrx_word' id='word_1_143' title='bbox 1192 2599 1278 2666; x_wconf 88' lang='lat' dir='ltr'><strong><em>Kar·</em></strong></span> 
     </span>
     <span class='ocr_line' id='line_1_20' title="bbox 129 2713 564 2800; baseline -0.002 -21"><span class='ocrx_word' id='word_1_144' title='bbox 129 2718 202 2779; x_wconf 83' lang='lat' dir='ltr'><strong><em>stau</em></strong></span> <span class='ocrx_word' id='word_1_145' title='bbox 225 2738 256 2800; x_wconf 93' lang='lat' dir='ltr'><strong><em>p.</em></strong></span> <span class='ocrx_word' id='word_1_146' title='bbox 284 2715 328 2779; x_wconf 85' lang='grc'><strong><em>98</em></strong></span> <span class='ocrx_word' id='word_1_147' title='bbox 354 2713 393 2778; x_wconf 87' lang='lat' dir='ltr'><strong><em>ef.</em></strong></span> <span class='ocrx_word' id='word_1_148' title='bbox 420 2736 450 2799; x_wconf 89' lang='lat' dir='ltr'><strong><em>p.</em></strong></span> <span class='ocrx_word' id='word_1_149' title='bbox 482 2714 564 2778; x_wconf 87' lang='lat'>191:</span> 
     </span>
    </p>
   </div>
   <div class='ocr_carea' id='block_1_8' title="bbox 150 2818 1266 3162">
    <p class='ocr_par' dir='ltr' id='par_1_8' title="bbox 150 2818 1266 3162">
     <span class='ocr_line' id='line_1_21' title="bbox 150 2818 1266 2935; baseline 0.002 -23"><span class='ocrx_word' id='word_1_150' title='bbox 150 2841 271 2914; x_wconf 80' lang='grc' dir='ltr'><strong><em>Ἀλλά</em></strong></span> <span class='ocrx_word' id='word_1_151' title='bbox 294 2855 430 2925; x_wconf 84' lang='grc' dir='ltr'><em>κακοῖς</em></span> <span class='ocrx_word' id='word_1_152' title='bbox 453 2843 528 2935; x_wconf 76' lang='grc' dir='ltr'><strong><em>μὲν</em></strong></span> <span class='ocrx_word' id='word_1_153' title='bbox 552 2841 676 2935; x_wconf 77' lang='grc' dir='ltr'><em>κάρτα</em></span> <span class='ocrx_word' id='word_1_154' title='bbox 702 2838 819 2910; x_wconf 74' lang='grc' dir='ltr'><em>πέλει</em></span> <span class='ocrx_word' id='word_1_155' title='bbox 843 2818 1074 2934; x_wconf 76' lang='grc' dir='ltr'><em>κραιὲάοσιν</em></span> <span class='ocrx_word' id='word_1_156' title='bbox 1100 2841 1266 2927; x_wconf 83' lang='grc' dir='ltr'><em>άιιιςιῖν,</em></span> 
     </span>
     <span class='ocr_line' id='line_1_22' title="bbox 154 2950 1174 3049; baseline -0.002 -23"><span class='ocrx_word' id='word_1_157' title='bbox 154 2956 206 3038; x_wconf 79' lang='grc' dir='ltr'><strong><em>ὡς</em></strong></span> <span class='ocrx_word' id='word_1_158' title='bbox 232 2950 271 3026; x_wconf 80' lang='grc' dir='ltr'><strong><em>δὲ</em></strong></span> <span class='ocrx_word' id='word_1_159' title='bbox 295 2955 383 3047; x_wconf 80' lang='grc' dir='ltr'><strong><em>παρ’</em></strong></span> <span class='ocrx_word' id='word_1_160' title='bbox 407 2957 582 3049; x_wconf 73' lang='grc' dir='ltr'><em>ἡμετέρης</em></span> <span class='ocrx_word' id='word_1_161' title='bbox 607 2953 752 3024; x_wconf 78' lang='grc' dir='ltr'><em>κέλεται</em></span> <span class='ocrx_word' id='word_1_162' title='bbox 777 2953 987 3042; x_wconf 83' lang='grc' dir='ltr'><em>πιςώμαια</em></span> <span class='ocrx_word' id='word_1_163' title='bbox 1017 2953 1174 3040; x_wconf 76' lang='grc' dir='ltr'><em>Μούσης</em></span> 
     </span>
     <span class='ocr_line' id='line_1_23' title="bbox 153 3059 1157 3162; baseline -0.01 -22"><span class='ocrx_word' id='word_1_164' title='bbox 153 3071 294 3162; x_wconf 68' lang='grc' dir='ltr'><em>γνῶθι,</em></span> <span class='ocrx_word' id='word_1_165' title='bbox 320 3059 610 3158; x_wconf 54' lang='lat' dir='ltr'><strong><em>cesamo-sevos</em></strong></span> <span class='ocrx_word' id='word_1_166' title='bbox 636 3061 698 3134; x_wconf 72' lang='grc' dir='ltr'><strong><em>ἔνι’</em></strong></span> <span class='ocrx_word' id='word_1_167' title='bbox 720 3061 987 3156; x_wconf 77' lang='grc' dir='ltr'><em>σπλάγχνοισι</em></span> <span class='ocrx_word' id='word_1_168' title='bbox 1011 3061 1157 3157; x_wconf 83' lang='grc' dir='ltr'><em>λόγοιο.</em></span> 
     </span>
    </p>
   </div>
   <div class='ocr_carea' id='block_1_9' title="bbox 130 3200 1281 3519">
    <p class='ocr_par' dir='ltr' id='par_1_9' title="bbox 130 3200 1281 3519">
     <span class='ocr_line' id='line_1_24' title="bbox 175 3200 1281 3293; baseline -0.004 -19"><span class='ocrx_word' id='word_1_169' title='bbox 175 3210 354 3276; x_wconf 70' lang='lat' dir='ltr'><strong><em>Praicunte</em></strong></span> <span class='ocrx_word' id='word_1_170' title='bbox 383 3208 546 3274; x_wconf 78' lang='lat' dir='ltr'><strong><em>Clemente</em></strong></span> <span class='ocrx_word' id='word_1_171' title='bbox 580 3207 771 3273; x_wconf 84' lang='lat' dir='ltr'><strong><em>recentiores</em></strong></span> <span class='ocrx_word' id='word_1_172' title='bbox 803 3206 1059 3290; x_wconf 88' lang='lat' dir='ltr'><strong><em>interpretantur</em></strong></span> <span class='ocrx_word' id='word_1_173' title='bbox 1099 3200 1199 3271; x_wconf 73' lang='lat' dir='ltr'><strong><em>ailoe</em></strong></span> <span class='ocrx_word' id='word_1_174' title='bbox 1223 3228 1281 3293; x_wconf 89' lang='lat' dir='ltr'><strong><em>per</em></strong></span> 
     </span>
     <span class='ocr_line' id='line_1_25' title="bbox 131 3317 1279 3408; baseline -0.006 -18"><span class='ocrx_word' id='word_1_175' title='bbox 131 3322 294 3404; x_wconf 72' lang='grc' dir='ltr'><em>σννηάὲς</em></span> <span class='ocrx_word' id='word_1_176' title='bbox 319 3322 422 3408; x_wconf 71' lang='lat' dir='ltr'><strong><em>(ige),</em></strong></span> <span class='ocrx_word' id='word_1_177' title='bbox 447 3345 512 3386; x_wconf 86' lang='lat' dir='ltr'><strong><em>mos</em></strong></span> <span class='ocrx_word' id='word_1_178' title='bbox 537 3331 591 3398; x_wconf 84' lang='lat' dir='ltr'><strong><em>est,</em></strong></span> <span class='ocrx_word' id='word_1_179' title='bbox 615 3320 791 3404; x_wconf 80' lang='lat' dir='ltr'><strong><em>attulitque</em></strong></span> <span class='ocrx_word' id='word_1_180' title='bbox 814 3317 994 3383; x_wconf 87' lang='lat' dir='ltr'><strong><em>Karsteuus</em></strong></span> <span class='ocrx_word' id='word_1_181' title='bbox 1017 3318 1053 3381; x_wconf 90' lang='lat' dir='ltr'><strong><em>iu</em></strong></span> <span class='ocrx_word' id='word_1_182' title='bbox 1068 3317 1164 3381; x_wconf 88' lang='lat' dir='ltr'><strong><em>huius</em></strong></span> <span class='ocrx_word' id='word_1_183' title='bbox 1177 3318 1279 3383; x_wconf 90' lang='lat' dir='ltr'><strong><em>inter·</em></strong></span> 
     </span>
     <span class='ocr_line' id='line_1_26' title="bbox 130 3428 1006 3519; baseline -0.003 -22"><span class='ocrx_word' id='word_1_184' title='bbox 130 3433 320 3519; x_wconf 89' lang='lat' dir='ltr'><strong><em>pretationis</em></strong></span> <span class='ocrx_word' id='word_1_185' title='bbox 343 3432 439 3497; x_wconf 89' lang='lat' dir='ltr'><strong><em>fidem</em></strong></span> <span class='ocrx_word' id='word_1_186' title='bbox 462 3433 569 3498; x_wconf 88' lang='lat' dir='ltr'><strong><em>locum</em></strong></span> <span class='ocrx_word' id='word_1_187' title='bbox 593 3429 757 3518; x_wconf 80' lang='lat' dir='ltr'><strong><em>Sophoclis</em></strong></span> <span class='ocrx_word' id='word_1_188' title='bbox 781 3428 895 3514; x_wconf 81' lang='lat' dir='ltr'><strong><em>Autig.</em></strong></span> <span class='ocrx_word' id='word_1_189' title='bbox 923 3429 1006 3494; x_wconf 82' lang='lat'><strong>692:</strong></span> 
     </span>
    </p>
   </div>
   <div class='ocr_carea' id='block_1_10' title="bbox 130 3554 1281 4011">
    <p class='ocr_par' dir='ltr' id='par_1_10' title="bbox 130 3554 1281 4011">
     <span class='ocr_line' id='line_1_27' title="bbox 292 3554 1095 3658; baseline -0.014 -18"><span class='ocrx_word' id='word_1_190' title='bbox 292 3567 382 3658; x_wconf 79' lang='grc' dir='ltr'><em>ἐμοὶ</em></span> <span class='ocrx_word' id='word_1_191' title='bbox 407 3561 598 3637; x_wconf 74' lang='grc' dir='ltr'><em>δ’άκοάειν</em></span> <span class='ocrx_word' id='word_1_192' title='bbox 623 3561 713 3636; x_wconf 74' lang='grc' dir='ltr'><em>ἔσθ’</em></span> <span class='ocrx_word' id='word_1_193' title='bbox 739 3563 813 3635; x_wconf 80' lang='grc' dir='ltr'><strong><em>άπὸ</em></strong></span> <span class='ocrx_word' id='word_1_194' title='bbox 838 3562 979 3634; x_wconf 80' lang='grc' dir='ltr'><em>σκότον</em></span> <span class='ocrx_word' id='word_1_195' title='bbox 1005 3554 1095 3632; x_wconf 78' lang='grc' dir='ltr'><em>τάδε</em></span> 
     </span>
     <span class='ocr_line' id='line_1_28' title="bbox 131 3694 1280 3787; baseline -0.009 -17"><span class='ocrx_word' id='word_1_196' title='bbox 131 3705 188 3770; x_wconf 88' lang='lat' dir='ltr'><strong><em>ubi</em></strong></span> <span class='ocrx_word' id='word_1_197' title='bbox 199 3706 309 3769; x_wconf 84' lang='lat' dir='ltr'><strong><em>tamen</em></strong></span> <span class='ocrx_word' id='word_1_198' title='bbox 322 3699 479 3772; x_wconf 81' lang='grc' dir='ltr'><em>α’κούειν</em></span> <span class='ocrx_word' id='word_1_199' title='bbox 491 3694 572 3768; x_wconf 75' lang='grc' dir='ltr'><em>ἔσθ’</em></span> <span class='ocrx_word' id='word_1_200' title='bbox 586 3701 764 3787; x_wconf 83' lang='lat' dir='ltr'><strong><em>significat:</em></strong></span> <span class='ocrx_word' id='word_1_201' title='bbox 780 3711 823 3766; x_wconf 81' lang='lat' dir='ltr'><strong><em>est</em></strong></span> <span class='ocrx_word' id='word_1_202' title='bbox 836 3701 943 3764; x_wconf 80' lang='lat' dir='ltr'><strong><em>codiee</em></strong></span> <span class='ocrx_word' id='word_1_203' title='bbox 951 3698 973 3763; x_wconf 94' lang='lat' dir='ltr'><strong><em>i.</em></strong></span> <span class='ocrx_word' id='word_1_204' title='bbox 981 3719 1007 3764; x_wconf 85' lang='lat' dir='ltr'><strong><em>e.</em></strong></span> <span class='ocrx_word' id='word_1_205' title='bbox 1019 3721 1147 3784; x_wconf 83' lang='lat' dir='ltr'><strong><em>possum</em></strong></span> <span class='ocrx_word' id='word_1_206' title='bbox 1160 3697 1280 3770; x_wconf 82' lang='lat' dir='ltr'><strong><em>codice,</em></strong></span> 
     </span>
     <span class='ocr_line' id='line_1_29' title="bbox 131 3807 1281 3897; baseline -0.011 -15"><span class='ocrx_word' id='word_1_207' title='bbox 131 3819 198 3882; x_wconf 80' lang='lat' dir='ltr'><strong><em>licet</em></strong></span> <span class='ocrx_word' id='word_1_208' title='bbox 221 3817 299 3879; x_wconf 83' lang='lat' dir='ltr'><strong><em>miti</em></strong></span> <span class='ocrx_word' id='word_1_209' title='bbox 322 3816 430 3878; x_wconf 68' lang='lat' dir='ltr'><strong><em>uredine</em></strong></span> <span class='ocrx_word' id='word_1_210' title='bbox 472 3811 533 3877; x_wconf 79' lang='lat' dir='ltr'><strong><em>ssd</em></strong></span> <span class='ocrx_word' id='word_1_211' title='bbox 557 3809 657 3878; x_wconf 74' lang='grc' dir='ltr'><em>πέλει</em></span> <span class='ocrx_word' id='word_1_212' title='bbox 691 3832 749 3897; x_wconf 89' lang='lat' dir='ltr'><strong><em>pro</em></strong></span> <span class='ocrx_word' id='word_1_213' title='bbox 773 3834 839 3874; x_wconf 79' lang='lat' dir='ltr'><strong><em>eccs</em></strong></span> <span class='ocrx_word' id='word_1_214' title='bbox 864 3821 907 3876; x_wconf 82' lang='lat' dir='ltr'><strong><em>est</em></strong></span> <span class='ocrx_word' id='word_1_215' title='bbox 931 3809 1067 3896; x_wconf 87' lang='lat' dir='ltr'><strong><em>prorsus</em></strong></span> <span class='ocrx_word' id='word_1_216' title='bbox 1084 3807 1281 3884; x_wconf 86' lang='lat' dir='ltr'><strong><em>inauditum,</em></strong></span> 
     </span>
     <span class='ocr_line' id='line_1_30' title="bbox 130 3917 1281 4011; baseline -0.011 -16"><span class='ocrx_word' id='word_1_217' title='bbox 130 3933 163 3995; x_wconf 90' lang='lat' dir='ltr'><strong><em>ct</em></strong></span> <span class='ocrx_word' id='word_1_218' title='bbox 186 3929 275 3994; x_wconf 85' lang='lat' dir='ltr'><strong><em>locus</em></strong></span> <span class='ocrx_word' id='word_1_219' title='bbox 297 3925 410 4011; x_wconf 87' lang='lat' dir='ltr'><strong><em>procul</em></strong></span> <span class='ocrx_word' id='word_1_220' title='bbox 434 3924 531 3989; x_wconf 93' lang='lat' dir='ltr'><strong><em>dubio</em></strong></span> <span class='ocrx_word' id='word_1_221' title='bbox 555 3923 621 3987; x_wconf 90' lang='lat' dir='ltr'><strong><em>iam</em></strong></span> <span class='ocrx_word' id='word_1_222' title='bbox 646 3921 819 3988; x_wconf 81' lang='lat' dir='ltr'><strong><em>Clementis</em></strong></span> <span class='ocrx_word' id='word_1_223' title='bbox 845 3925 950 3987; x_wconf 87' lang='lat' dir='ltr'><strong><em>aetate</em></strong></span> <span class='ocrx_word' id='word_1_224' title='bbox 973 3920 1151 3985; x_wconf 79' lang='lat' dir='ltr'><strong><em>laborabat.</em></strong></span> <span class='ocrx_word' id='word_1_225' title='bbox 1178 3917 1281 4003; x_wconf 79' lang='lat' dir='ltr'><strong><em>Equi·</em></strong></span> 
     </span>
    </p>
   </div>
   <div class='ocr_carea' id='block_1_11' title="bbox 132 4029 1284 4237">
    <p class='ocr_par' dir='ltr' id='par_1_11' title="bbox 132 4029 1284 4237">
     <span class='ocr_line' id='line_1_31' title="bbox 132 4029 1283 4124; baseline -0.013 -19"><span class='ocrx_word' id='word_1_226' title='bbox 132 4041 205 4105; x_wconf 93' lang='lat' dir='ltr'><strong><em>dem</em></strong></span> <span class='ocrx_word' id='word_1_227' title='bbox 228 4037 372 4124; x_wconf 87' lang='lat' dir='ltr'><strong><em>suspicor</em></strong></span> <span class='ocrx_word' id='word_1_228' title='bbox 396 4037 510 4101; x_wconf 85' lang='lat' dir='ltr'><strong><em>acerba</em></strong></span> <span class='ocrx_word' id='word_1_229' title='bbox 534 4034 639 4099; x_wconf 86' lang='lat' dir='ltr'><strong><em>ironia</em></strong></span> <span class='ocrx_word' id='word_1_230' title='bbox 662 4037 792 4116; x_wconf 87' lang='lat' dir='ltr'><strong><em>poetam</em></strong></span> <span class='ocrx_word' id='word_1_231' title='bbox 815 4037 943 4098; x_wconf 83' lang='lat' dir='ltr'><strong><em>notasse</em></strong></span> <span class='ocrx_word' id='word_1_232' title='bbox 966 4031 1138 4117; x_wconf 88' lang='lat' dir='ltr'><strong><em>profanum</em></strong></span> <span class='ocrx_word' id='word_1_233' title='bbox 1155 4029 1283 4112; x_wconf 83' lang='lat' dir='ltr'><strong><em>volgus,</em></strong></span> 
     </span>
     <span class='ocr_line' id='line_1_32' title="bbox 133 4137 1284 4237; baseline -0.013 -23"><span class='ocrx_word' id='word_1_234' title='bbox 133 4152 217 4237; x_wconf 82' lang='lat' dir='ltr'><strong><em>qood</em></strong></span> <span class='ocrx_word' id='word_1_235' title='bbox 247 4150 352 4213; x_wconf 82' lang='lat' dir='ltr'><strong><em>dedita</em></strong></span> <span class='ocrx_word' id='word_1_236' title='bbox 390 4170 485 4233; x_wconf 75' lang='lat' dir='ltr'><strong><em>opero</em></strong></span> <span class='ocrx_word' id='word_1_237' title='bbox 514 4146 614 4234; x_wconf 77' lang='lat' dir='ltr'><strong><em>ficiem</em></strong></span> <span class='ocrx_word' id='word_1_238' title='bbox 652 4143 761 4208; x_wconf 80' lang='lat' dir='ltr'><strong><em>babere</em></strong></span> <span class='ocrx_word' id='word_1_239' title='bbox 784 4144 878 4208; x_wconf 84' lang='lat' dir='ltr'><strong><em>nollet</em></strong></span> <span class='ocrx_word' id='word_1_240' title='bbox 903 4142 998 4208; x_wconf 87' lang='lat' dir='ltr'><strong><em>certis</em></strong></span> <span class='ocrx_word' id='word_1_241' title='bbox 1021 4137 1284 4226; x_wconf 89' lang='lat' dir='ltr'><strong><em>philosophorum</em></strong></span> 
     </span>
    </p>
   </div>
   <div class='ocr_carea' id='block_1_12' title="bbox 133 4259 1280 4480">
    <p class='ocr_par' dir='ltr' id='par_1_12' title="bbox 133 4259 1280 4480">
     <span class='ocr_line' id='line_1_33' title="bbox 133 4259 559 4339; baseline -0.014 -12"><span class='ocrx_word' id='word_1_242' title='bbox 133 4260 327 4339; x_wconf 84' lang='lat' dir='ltr'><strong><em>rationibus,</em></strong></span> <span class='ocrx_word' id='word_1_243' title='bbox 352 4259 559 4324; x_wconf 86' lang='lat' dir='ltr'><strong><em>scribentem:</em></strong></span> 
     </span>
     <span class='ocr_line' id='line_1_34' title="bbox 144 4377 1280 4480; baseline -0.014 -16"><span class='ocrx_word' id='word_1_244' title='bbox 144 4393 262 4464; x_wconf 77' lang='grc' dir='ltr'><strong><em>Ἀλλά</em></strong></span> <span class='ocrx_word' id='word_1_245' title='bbox 290 4400 425 4472; x_wconf 85' lang='grc' dir='ltr'><em>κακοῖς</em></span> <span class='ocrx_word' id='word_1_246' title='bbox 449 4390 523 4480; x_wconf 80' lang='grc' dir='ltr'><strong><em>μὲν</em></strong></span> <span class='ocrx_word' id='word_1_247' title='bbox 547 4387 690 4480; x_wconf 86' lang='grc' dir='ltr'><em>κάρτα</em></span> <span class='ocrx_word' id='word_1_248' title='bbox 715 4385 838 4476; x_wconf 74' lang='grc' dir='ltr'><em>μέλει</em></span> <span class='ocrx_word' id='word_1_249' title='bbox 865 4386 1091 4477; x_wconf 68' lang='grc' dir='ltr'><em>κρατέουσιν</em></span> <span class='ocrx_word' id='word_1_250' title='bbox 1116 4377 1280 4464; x_wconf 54' lang='lat' dir='ltr'><strong><em>densa,</em></strong></span> 
     </span>
    </p>
   </div>
   <div class='ocr_carea' id='block_1_13' title="bbox 130 4520 1335 4617">
    <p class='ocr_par' dir='ltr' id='par_1_13' title="bbox 130 4520 1335 4617">
     <span class='ocr_line' id='line_1_35' title="bbox 130 4520 1335 4617; baseline -0.013 -19"><span class='ocrx_word' id='word_1_251' title='bbox 130 4533 153 4598; x_wconf 93' lang='lat' dir='ltr'><strong><em>i.</em></strong></span> <span class='ocrx_word' id='word_1_252' title='bbox 180 4557 207 4600; x_wconf 92' lang='lat' dir='ltr'><strong><em>e.</em></strong></span> <span class='ocrx_word' id='word_1_253' title='bbox 233 4554 324 4598; x_wconf 76' lang='lat' dir='ltr'><strong><em>caree</em></strong></span> <span class='ocrx_word' id='word_1_254' title='bbox 348 4530 491 4617; x_wconf 74' lang='lat' dir='ltr'><strong><em>cordique</em></strong></span> <span class='ocrx_word' id='word_1_255' title='bbox 515 4531 554 4595; x_wconf 89' lang='lat' dir='ltr'><strong><em>iis</em></strong></span> <span class='ocrx_word' id='word_1_256' title='bbox 578 4539 633 4607; x_wconf 88' lang='lat' dir='ltr'><strong><em>est,</em></strong></span> <span class='ocrx_word' id='word_1_257' title='bbox 657 4539 693 4591; x_wconf 84' lang='lat' dir='ltr'><strong><em>ot</em></strong></span> <span class='ocrx_word' id='word_1_258' title='bbox 716 4549 754 4592; x_wconf 87' lang='lat' dir='ltr'><strong><em>ne</em></strong></span> <span class='ocrx_word' id='word_1_259' title='bbox 773 4526 960 4612; x_wconf 71' lang='lat' dir='ltr'><strong><em>persuaderi</em></strong></span> <span class='ocrx_word' id='word_1_260' title='bbox 982 4525 1042 4588; x_wconf 91' lang='lat' dir='ltr'><strong><em>sibi</em></strong></span> <span class='ocrx_word' id='word_1_261' title='bbox 1061 4523 1241 4609; x_wconf 77' lang='lat' dir='ltr'><strong><em>potiantur.</em></strong></span> <span class='ocrx_word' id='word_1_262' title='bbox 1333 4520 1335 4524; x_wconf 78' lang='grc'><strong>’</strong></span> 
     </span>
    </p>
   </div>
   <div class='ocr_carea' id='block_1_14' title="bbox 1117 4627 1158 4696">
    <p class='ocr_par' dir='ltr' id='par_1_14' title="bbox 1117 4627 1158 4696">
     <span class='ocr_line' id='line_1_36' title="bbox 1117 4627 1158 4696; baseline 0 -28"><span class='ocrx_word' id='word_1_263' title='bbox 1117 4627 1158 4696; x_wconf 66' lang='lat'><strong><em>0¹1¹</em></strong></span> 
     </span>
    </p>
   </div>
   <div class='ocr_carea' id='block_1_15' title="bbox 0 0 1536 5312">
    <p class='ocr_par' dir='ltr' id='par_1_15' title="bbox 0 0 1536 5312">
     <span class='ocr_line' id='line_1_37' title="bbox 0 0 1536 5312; baseline 0 0"><span class='ocrx_word' id='word_1_264' title='bbox 0 0 1536 5312; x_wconf 95' lang='lat' dir='ltr'><strong><em> </em></strong></span> 
     </span>
    </p>
   </div>
  </div>
 </body>
</html>
