3054 5312
644 281 646 288 '
777 273 900 361 (⁷4)

259 461 409 546 sequitur
439 461 544 526 labem
574 481 705 547 passum
737 483 804 529 esse
839 461 1046 549 participium
1068 454 1309 549 βουλεύων.
1348 459 1406 526 nst

263 574 320 639 ubi
344 575 476 641 confusa
498 572 565 639 vidi
589 569 788 664 άβουλος
821 579 854 640 ed
878 568 1094 661 ἄνολβος,
1119 573 1203 638 unde
1226 572 1307 657 mihi
1330 578 1405 639 nata

264 694 313 756 est
336 690 477 776 suspicio·
499 690 722 775 corrigendum
746 689 826 755 es'se:

451 823 646 916 ὀλβιέων
670 825 733 916 ἐμὲ
756 823 825 896 καὶ
849 827 889 895 σὲ
913 817 1127 917 Ιδιαμπερές·
1152 821 1224 893 κτὲ.

312 965 417 1033 Versu
439 967 641 1053 praecedendi
664 970 794 1052 propter
818 966 964 1052 opposita
987 965 1023 1030 in
1047 987 1115 1050 sqq.
1138 955 1328 1055 α’ὂώρητοι
1339 959 1405 1030 καὶ
1505 897 1507 1036 λ

266 1075 397 1163 άλιςοι
422 1082 496 1144 cedd.
522 1078 629 1145 nescio
654 1100 697 1143 an
720 1079 821 1167 (quod
845 1078 1024 1144 Matthiaee
1059 1078 1125 1141 iam
1148 1076 1237 1142 venit
1260 1077 1296 1140 in
1319 1098 1406 1140 men-

265 1193 345 1280 tem)
369 1191 476 1277 apdius
501 1191 678 1275 legeretur:

262 1402 265 1414 ,
385 1333 506 1430 αύτάρ
530 1329 604 1429 ἐγὼ
628 1341 764 1423 τιμῆς
789 1331 1043 1426 ἐπιβήσομαι,
1067 1333 1151 1418 ήτις
1174 1331 1296 1427 άρίςη.

267 1483 317 1552 of.
334 1483 493 1551 Hesiodus
509 1484 627 1570 Theog.
643 1485 725 1550 396:
753 1457 992 1572 τιμήςκαί
1016 1481 1185 1575 γεράων
1208 1475 1406 1572 ἐπιβησέ-

266 1619 359 1687 μεν,
383 1597 542 1663 Homerus
570 1594 601 1662 Θ
626 1596 708 1662 285:
727 1591 797 1662 τὸν
820 1589 889 1662 καὶ
913 1589 1047 1677 τηλόθ’
1071 1588 1184 1665 ἐόντα
1209 1590 1405 1676 ἐύκλεΐης
1510 1617 1511 1640 1

267 1703 502 1798 ἐπίβησον.
530 1705 578 1772 Of.
606 1727 635 1795 ψ
661 1708 713 1772 13.
740 1704 948 1791 Corrupdelae
973 1729 1085 1771 ansam
1108 1708 1183 1772 dare
1202 1707 1308 1793 potuit
1324 1729 1407 1772 aom-
1501 1737 1503 1747 ·

267 1823 398 1906 paratus
422 1821 581 1886 eleutero
605 1841 652 1884 vs.
677 1819 757 1899 465,
782 1818 839 1882 ubi
863 1819 1001 1908 τέχνης
1024 1825 1109 1887 reete
1133 1821 1249 1886 habere
1273 1819 1405 1886 videtur.
1511 1845 1512 1864 ν

269 1929 418 1997 Ceterum
441 1929 648 1997 conferamur
671 1931 768 1996 verba
792 1928 954 2016 Apollinis
978 1931 1063 1996 infra
1088 1931 1247 2018 458‘sq.:

338 2082 410 2149 νυν
434 2075 508 2169 γάρ
533 2100 594 2146 τοι
618 2063 727 2157 κλέος
748 2073 837 2162 ε”ςαι
863 2071 902 2146 ἐν
926 2073 1168 2147 ἀθανάτοισι
1194 2081 1332 2159 θεοῖσι,

339 2187 408 2256 σοι’
425 2191 458 2254 τ’
481 2183 583 2278 αύτῷ
606 2185 674 2257 καὶ
696 2189 821 2277 μητρί.

317 2432 442 2498 Ibidem
464 2453 511 2497 vs.
538 2433 605 2497 263
631 2455 695 2519 sq.:
807 2472 809 2478 ·
898 2463 900 2468 ·

319 2593 388 2666 ούκ
414 2588 514 2676 ἴδον,
540 2593 587 2664 ού
610 2591 804 2683 πυθόμην,
830 2592 899 2663 ούκ
922 2591 1040 2666 ἄλλου
1063 2598 1198 2687 μύθου
1220 2595 1380 2679 άκουσα,

318 2704 396 2777 ούκ
419 2703 475 2777 άν
496 2703 710 2797 μηνύσαιμ’
737 2704 817 2776 ούκ
840 2702 898 2777 άν
918 2709 1114 2800 μήνυτρον
1137 2707 1313 2803 ἀροίμην.

270 2875 387 2974 Bootae
410 2874 493 2960 epici
516 2874 574 2938 ubi
596 2896 647 2938 res
680 2874 806 2939 easdem
829 2874 943 2940 iisdem
966 2878 1071 2943 verbis
1094 2884 1255 2964 repedund,
1279 2905 1346 2948 non
1363 2908 1411 2951 so-

269 2989 337 3054 lani
361 2987 498 3052 aliarum
511 2986 746 3072 particularum
757 3008 818 3050 usu
831 2988 970 3054 colorem
984 2991 1138 3057 orahionis
1151 2994 1284 3060 variare.
1311 2995 1410 3074 Quare

269 3100 469 3166 minothaea
491 3098 590 3163 verba
613 3120 659 3164 vs.
684 3100 752 3165 363
777 3120 823 3183 sq.
850 3099 896 3167 sic
918 3101 1041 3183 denari,
1065 3107 1103 3168 ud
1115 3104 1215 3172 altero
1231 3129 1325 3174 versu
1337 3113 1408 3178 seri·

268 3210 379 3277 badar:

314 3338 421 3416 ούδέ
439 3368 483 3416 κε
506 3344 735 3436 μηνύσαιμ’,
762 3338 853 3415 ov'd’
879 3345 935 3418 άν
957 3349 1152 3442 μήνυτρον
1176 3350 1350 3446 ἀροίμην.

268 3476 436 3562 alterutro
460 3496 530 3562 loeo
555 3517 574 3560 a
598 3495 711 3561 scribis
734 3499 900 3579 peecatum
923 3519 991 3563 esse
1013 3498 1154 3581 videtum
1175 3525 1234 3570 nea
1248 3529 1299 3572 me
1311 3507 1412 3573 iudice

269 3608 403 3674 dubium
426 3611 474 3673 est
497 3607 578 3691 quin
601 3606 787 3691 pesderioris
811 3608 874 3678 1ουὶ
898 3611 1056 3696 scriptura
1079 3616 1128 3680 illi
1143 3618 1186 3683 sii
1197 3619 1411 3704 praeferenda,
1437 3675 1439 3682 .

268 3743 342 3788 eum
365 3720 442 3804 quia
466 3719 580 3785 voenla
605 3714 675 3785 ούκ
686 3718 827 3802 quinties
843 3721 981 3805 repedita
992 3724 1157 3800 insuavius
1173 3730 1412 3815 esd,t11mqu0d

269 3832 396 3899 facilius
420 3832 477 3896 illa
498 3831 594 3896 leodio
617 3851 716 3916 quam
738 3830 817 3898 haee
839 3834 947 3919 potuid
969 3841 1138 3925 eorrumpi.

317 4082 442 4150 Ibidem
465 4101 512 4147 vs.
538 4079 622 4144 401:
722 4050 724 4056 Ι

315 4231 431 4310 ’Ἔνθ’
456 4230 598 4322 Ἑρμῆς
623 4227 698 4321 μὲν
720 4223 847 4299 ἔπειτα
871 4230 967 4303 κιὼν
991 4231 1109 4322 παρά
1129 4232 1242 4307 λάιον
1261 4235 1403 4331 ἄντρον

320 4343 362 4428 ἐς
386 4342 487 4434 φάος
512 4336 692 4427 ἐξήλαυνε
715 4336 825 4429 βοῶν
850 4340 1003 4432 ἴφθιμα
1027 4341 1183 4437 κάρηνα.

318 4501 512 4589 praepositis
536 4500 640 4591 παρά
663 4499 805 4583 pendens
829 4500 871 4564 ab
894 4504 987 4567 eundi
1008 4505 1106 4570 verba
1129 4507 1166 4571 de
1184 4507 1245 4571 loco
1262 4509 1415 4592 usurpata

274 4639 341 4684 non
363 4619 469 4703 poiesd
492 4612 580 4679 aliud
612 4611 787 4696 significari
818 4634 916 4698 quam
935 4630 1072 4702 praeter.
1110 4617 1285 4685 Mercurius
1309 4623 1415 4684 autem
