3054 5312
750 248 871 335 (78)

282 433 322 499 In
346 435 462 519 quibus
487 425 630 524 §Male
654 457 720 502 esse
744 436 829 523 quod
853 456 949 521 snpra
977 434 1095 500 dieitur
1114 424 1225 500 ε”δωκε
1238 437 1381 524 φαγεῖν

236 547 291 613 vix
323 551 371 613 est
400 547 487 634 quod
519 569 674 614 moneam.
728 540 896 636 Ἑδωὸήν
921 548 1140 635 reponendum
1162 569 1230 613 esse
1253 570 1284 613 v.
1311 547 1379 612 372

237 661 364 728 monuit
387 660 453 726 ism
476 658 625 727 Oobelns.

281 960 401 1045 Hymn.
429 962 465 1027 in
489 959 647 1027 Venerem
672 983 716 1026 vs.
746 961 828 1026 126:

283 1082 473 1180 Ἀγχίσεω
496 1079 543 1156 δέ
559 1111 606 1176 με
630 1086 753 1176 φάσκε
776 1085 918 1178 παραὶ
942 1086 1127 1178 λέχεσιν
1150 1083 1356 1157 καλέεσθαι

281 1188 479 1288 κουριδίην
503 1193 664 1287 ἄλοχον,
692 1195 757 1266 σοὶ
781 1188 948 1290 δ’θγλαα
971 1197 1087 1266 τέκνα
1112 1196 1356 1266 τεκεῖσθαι.

281 1346 429 1432 Impense
460 1346 559 1411 miror
593 1347 733 1413 haesisse
764 1348 800 1413 in
823 1348 874 1412 his
905 1348 1076 1413 neminem
1115 1345 1239 1434 Quippe
1275 1348 1386 1413 meni-

232 1459 351 1525 festum
387 1461 435 1524 ssi
470 1458 567 1524 verba
602 1455 744 1549 παραὶ
780 1454 964 1548 λέχεσιν
996 1459 1127 1546 reliquis
1162 1460 1267 1547 spleni
1290 1460 1385 1526 nullo

233 1569 327 1634 modo
350 1589 450 1653 posse.
488 1567 557 1634 Nee
580 1569 675 1634 fseile
700 1570 816 1656 aliquis
829 1569 865 1633 in
878 1571 1023 1634 animum
1035 1570 1382 1638 inducsieonslruere:

235 1672 375 1767 ἔφασκε
400 1670 445 1747 δέ
463 1703 509 1769 με
533 1677 847 1771 παρακαλέεσθαι
871 1676 1028 1771 λέχεσιν
1048 1677 1239 1774 Ἀγχίσεω
1255 1703 1381 1775 κουρι-
1506 1761 1525 1776 ,ρ

235 1783 323 1875 διήν
346 1787 506 1882 ἄλοχον.
532 1791 620 1868 Quae
642 1815 746 1878 neque
769 1793 873 1859 orello
897 1792 1019 1859 Graece
1043 1798 1102 1875 esi,
1126 1815 1186 1861 nee
1205 1794 1378 1880 probabilis

234 1907 367 1992 propter
389 1927 436 1970 vs.
465 1905 546 1970 149:
662 1920 664 1926 ’

346 2061 424 2152 ἐμὴ
450 2057 483 2132 δ’
510 2060 683 2153 ἄλοχος
706 2061 941 2152 κεκλήσεαι
965 2065 1096 2155 ἤματα
1124 2065 1264 2136 πάντα.

279 2229 365 2307 Quin
388 2230 490 2315 igitur
513 2232 693 2316 monslmm
710 2229 801 2295 alani
812 2252 850 2295 ea
862 2230 970 2309 verbs,
983 2229 1092 2294 nullus
1106 2229 1230 2295 dubito.
1256 2227 1384 2314 Apsum

234 2341 332 2408 foret:

237 2488 432 2586 Ἀγχίσεω
456 2484 501 2560 δέ
517 2516 565 2582 με
589 2489 710 2578 φάσκε
733 2493 830 2584 παρ’
855 2483 1137 2573 α’λλοδαποῑς
1161 2490 1366 2562 καλέεσθαι

236 2596 435 2696 κουριδίην
459 2600 611 2693 ἄλοχον

236 2789 323 2874 αριιθ
340 2789 532 2875 χενεριίιιοε,
557 2791 591 2853 in
615 2801 700 2855 terra
719 2788 888 2875 ρινιρνίιια

283 2898 364 2966 Cum
387 2901 544 2986 singulari
567 2901 670 2968 forme
693 2901 796 2965 fusuri
820 2898 1022 2978 τεκεῖσθαι,
1043 2921 1195 2984 qnaepro
1209 2898 1386 2980 τέξεσθαι

235 3033 395 3097 nusquam
430 3013 518 3092 alibi,
554 3015 639 3098 quod
674 3014 783 3091 seiam,
814 3016 939 3098 reperis
963 3016 1022 3090 esl,
1047 3012 1225 3095 comparari
1248 3015 1387 3096 possunt

236 3123 317 3190 alise
329 3125 486 3209 quaedam
499 3125 648 3191 simililer
656 3125 813 3190 formulae
821 3125 862 3190 ab
871 3122 1003 3190 Aoristo
1013 3122 1058 3204 ΙΙ,
1070 3124 1159 3189 velul
1167 3122 1384 3204 πεσεῖσθαι,

237 3226 473 3326 δραμεῖσθαι
497 3237 588 3302 iuxta
614 3235 831 3325 θρέξεσθαι,
866 3259 949 3322 quae
972 3236 1076 3302 forms
1107 3237 1234 3302 inverse
1257 3235 1385 3301 talione

236 3348 338 3412 mulio
362 3348 466 3412 rarior
489 3355 538 3415 esi
561 3372 659 3435 quam
683 3350 795 3427 altere,
822 3342 918 3416 ἑλεῖν
941 3369 1000 3431 pro
1024 3347 1201 3439 αἱρήσειν
1225 3347 1311 3433 apud
1334 3368 1385 3412 se-

236 3459 364 3546 quiores
386 3465 509 3546 poetas.

282 3775 432 3863 Hymnus
456 3777 492 3841 in
516 3773 678 3840 Bacchum
703 3754 800 3864 (Vll)
826 3779 870 3842 32
896 3798 942 3862 sq.

282 3889 347 3955 Hie
378 3890 467 3954 loeus
502 3886 692 3973 gravissimo
728 3887 867 3954 vnlnere
891 3888 1016 3954 labores
1052 3909 1179 3954 neeesse
1202 3893 1260 3954 esl.
1298 3888 1386 3964 Quid
1442 3885 1447 3895 “

237 4001 343 4067 enim?
368 4001 542 4088 praedones
567 3997 725 4083 Tyrrheni
757 3997 921 4064 Beeehnm
944 3999 980 4063 in
1004 3998 1099 4063 lilore
1123 3999 1310 4084 conspicati,
1335 4021 1388 4065 re-

236 4115 327 4200 gium
349 4114 490 4200 aliquem
512 4113 661 4177 iuvenem
676 4132 744 4176 esse
758 4115 921 4196 putentes,
942 4112 1064 4178 vincire
1081 4110 1201 4177 frusea
1214 4115 1383 4177 conantur.
1451 4095 1455 4115 ’

236 4227 319 4292 Tum
341 4225 445 4304 navis
470 4246 568 4310 quem
592 4223 794 4308 appulerant,
818 4224 1016 4308 gubernalor
1040 4221 1273 4291 adolescentem
1290 4223 1387 4287 deum

236 4359 304 4404 esse
328 4337 519 4422 suspicatus,
543 4334 692 4399 horietur
713 4333 825 4412 socios,
850 4338 889 4399 nl
909 4334 950 4398 eb
962 4334 1061 4420 impio
1073 4334 1202 4419 incepto
1216 4334 1386 4413 desistant,

237 4451 291 4516 sed
326 4449 354 4513 is
386 4471 405 4514 e
437 4447 566 4512 domino
602 4445 694 4511 nevis
718 4449 823 4511 lacere
848 4467 985 4530 suesque
1009 4468 1059 4511 res
1084 4466 1179 4531 agere
1204 4446 1254 4510 his
1278 4446 1387 4510 verbis

237 4562 380 4664 iubsiur:
