3054 5312
732 403 854 486 (86)

148 656 151 661 ,
214 590 282 654 eins
305 594 339 654 et
361 589 477 653 studiis
501 588 669 674 disputans
693 585 860 654 contendit
881 586 1045 652 iniuriae
1075 587 1361 654 nonnullischo-

215 697 316 784 pheni
339 697 516 762 abiudicari
539 697 751 764 iambicornm
775 718 982 762 numerorum
1006 719 1112 762 nsum.

260 930 471 996 Prnnnnrnns
495 933 580 1018 apud
604 931 806 1018 Simplicium
829 930 955 1016 Physic.
982 930 1004 996 f.
1032 933 1073 996 31
1101 930 1143 1012 Α,
1168 931 1361 1018 B(Karsten

213 1041 234 1104 l.
252 1041 273 1105 l.
300 1065 331 1126 p.
359 1041 429 1129 34),
454 1063 553 1126 agens
579 1044 617 1108 de
641 1044 719 1108 eretis
744 1042 928 1106 substantia
953 1045 1095 1120 aeterne,
1119 1041 1166 1106 sic
1190 1043 1295 1108 canit:

214 1205 260 1249 vs.
276 1185 330 1250 66.
352 1183 472 1264 οὑτως
496 1183 517 1270 ἢ
543 1183 705 1272 πάμπαν
729 1180 884 1272 πελέμεν
907 1182 1034 1276 χρεών
1059 1181 1145 1268 ε’ςιν
1167 1185 1189 1268 ἢ
1214 1181 1309 1252 ου’κί.

356 1287 547 1362 οὐδέποτ’
572 1289 612 1363 ἐκ
636 1299 702 1364 τοῦ
726 1293 859 1374 ἐόντος
884 1292 1015 1381 ἐφήσει
1038 1295 1173 1380 πίςιος
1198 1289 1316 1384 ἰσχὺς

355 1403 569 1502 γίγνεσθαί
589 1429 627 1470 τι
651 1405 739 1494 παρ’
765 1402 872 1473 αὐτό.
900 1402 1072 1475 τοῦνεκεν
1085 1402 1360 1497 οὔτεγενεσθαι

355 1503 435 1582 οὔτ’
460 1509 648 1583 calorem
664 1511 778 1601 α’νῆκε
799 1506 897 1598 δίκη,
917 1511 1131 1603 χαλάσασα
1144 1506 1346 1602 πέδῃσιν,

353 1618 433 1690 ἀλλ’
459 1616 542 1712 ἔχει
566 1619 639 1692 κπὲ.

258 1779 342 1855 Quia
372 1779 525 1863 intellego
556 1778 634 1864 qnid
666 1779 709 1844 sit
739 1781 893 1844 remittere
922 1781 1054 1860 νιπαιία,
1086 1802 1153 1844 non
1181 1781 1359 1865 veroquid

211 1890 274 1954 sibi
304 1889 384 1955 velit
414 1890 568 1954 remittere
600 1891 738 1968 eincelie,
772 1889 930 1955 contendo
954 1888 1139 1956 Parmenidi
1162 1890 1357 1956 reddendum

213 2023 280 2068 cese
304 2023 350 2066 vs.
378 2001 437 2066 69:

770 2143 988 2235 χαλασασα
1012 2139 1215 2229 πέδησιν.

144 2336 146 2341 ·
210 2307 455 2374 substantivum
479 2313 558 2373 nota
582 2309 732 2392 analogia
756 2308 930 2374 formatum
954 2331 972 2373 e
995 2310 1094 2374 verbo
1117 2300 1248 2388 πεδόιν,
1269 2313 1355 2396 quod

210 2416 449 2482 substantivum
472 2417 637 2501 hucusque
660 2438 727 2481 non
750 2415 815 2480 nisi
837 2417 922 2502 epnd
938 2418 1101 2502 aequiores
1113 2420 1278 2501 repertum
1289 2441 1356 2485 esse

210 2525 346 2591 videtur.

253 2763 464 2829 Prnnnnmns
488 2766 573 2851 apud
597 2766 733 2832 eundem
757 2767 778 2832 l.
796 2766 819 2833 l.
834 2765 989 2854 (Karsten
1001 2789 1032 2852 p.
1049 2770 1105 2848 38,
1119 2766 1250 2848 Preller‚
1264 2767 1350 2836 Hist.

208 2873 291 2940 Phil.
317 2898 349 2960 p.
376 2876 451 2962 92):

206 3051 252 3094 vs.
270 3029 347 3094 103.
762 3027 805 3098 τὸ
829 3029 904 3123 γαρ
930 3029 1014 3100 οὔτε
1037 3057 1076 3098 τι
1100 3032 1235 3122 μεῖζον

345 3134 429 3205 οὔτε
453 3159 492 3202 τι
515 3134 724 3228 βαιότερον
748 3135 936 3209 πέλεναι
960 3139 1088 3231 χρεών
1112 3139 1175 3226 ἐςι
1199 3152 1241 3232 τῇ
1256 3140 1278 3222 ᾖ
1295 3152 1350 3232 τῇ.

250 3300 410 3366 Prellerns
442 3304 584 3368 correcto
615 3309 750 3370 accentu
783 3304 885 3372 edidit
908 3299 1069 3373 πελέναι.
1108 3303 1182 3372 Scio
1205 3307 1284 3392 qnid
1308 3309 1350 3374 sit

205 3406 412 3498 πελεμέναι,
448 3412 504 3477 sed
536 3408 687 3481 πελέναι
723 3419 773 3480 est
807 3417 988 3481 monstrum
1011 3417 1176 3495 vocabuli3
1201 3439 1349 3504 proquo

202 3522 394 3608 quantocius
417 3520 603 3588 Parmenidi
626 3525 778 3590 reddatur
802 3521 995 3614 πελέριεν,
1020 3529 1106 3613 qnod
1129 3531 1216 3594 recte
1239 3550 1348 3595 serva-

201 3633 273 3697 tum
297 3636 347 3697 est
372 3653 541 3717 suprave.
569 3633 632 3698 66:

296 3773 416 3853 οὑτως
441 3775 461 3858 ἦ
486 3772 649 3862 πάμπαν
671 3771 851 3864 πελέμεν
874 3779 999 3871 χρεών
1024 3781 1111 3866 ἐςιν
1135 3786 1155 3867 ἢ
1180 3781 1274 3852 οὐκί.

249 4013 460 4080 Pnnnnnmns
485 4015 569 4101 apud
593 4016 729 4081 eundem
753 4017 887 4086 ibidem:

270 4145 291 4242 ἦ
315 4155 389 4248 γαρ
412 4155 612 4227 παννόθεν
638 4149 724 4226 ἴσον
750 4155 857 4246 ὁμῶς
881 4159 922 4232 ἐν
946 4165 1099 4254 πείρασι
1121 4174 1256 4257 κυρεῖ.

246 4312 390 4378 Verbum
412 4313 660 4398 periepomenon
684 4323 812 4405 κυρεῖν
836 4319 1022 4384 constanter
1044 4320 1179 4406 corripit
1201 4320 1344 4408 priorem

198 4424 366 4510 syllabam,
398 4447 466 4490 non
495 4426 590 4490 aliter
620 4449 718 4512 qnam
749 4434 970 4518 μαρτυρεῖν,
1002 4452 1101 4514 quere
1124 4435 1343 4518 reponendum

198 4532 331 4623 κύρει,
355 4536 441 4620 quod
465 4538 608 4601 vocalem
631 4537 788 4623 producit.
815 4538 854 4603 Π.
884 4537 921 4604 Ψ
946 4541 1029 4606 821:

287 4673 374 4750 αἰὲν
394 4673 452 4746 ἐπ’
478 4676 618 4774 αὐχένι
642 4684 741 4772 κῦρε
767 4685 931 4768 φαεινοῦ
957 4674 1096 4776 δουρὸς
1120 4681 1257 4771 α’κωκῄ.
