3054 5312
696 229 818 317 (40)

192 421 269 487 dens
293 420 334 484 ab
355 418 421 485 adi.
446 412 651 509 οἷργαλέοντ
678 420 812 484 ardema
845 427 888 482 eat
911 417 1004 480 ettam
1029 407 1338 499 amaccoaapara'orc‘·

194 534 248 598 aa
271 533 424 616 carpatium
443 551 585 617 μιιγιιονι
610 531 646 594 de
669 551 761 593 ιοιιιο
784 551 851 592 cum
874 529 957 592 ciris.
983 523 1071 599 Quae
1093 528 1163 591 tam
1185 523 1336 611 perplexa

194 645 242 708 est
265 641 434 709 verbonun
458 640 655 725 compositio,
679 645 716 706 ut
739 639 833 704 facile
856 637 1025 722 intellegas
1048 636 1205 722 originem
1226 634 1337 702 lectio·

196 753 247 818 nis
270 750 453 844 παύροισι
477 773 534 837 pro
558 745 752 819 πλεόνεσσι
776 752 969 816 memoratae
993 769 1012 812 a
1036 744 1214 812 Scholiasta
1239 744 1335 811 adh.

196 864 232 946 1.,
267 887 326 934 nec
361 865 486 932 mireris
520 864 728 956 recentiorem
763 864 904 949 aliquem
926 864 1188 949 interpolatorem
1211 866 1340 949 putasse

199 971 397 1044 πλεόνεσσι
420 976 556 1062 pendere
580 997 599 1039 a
623 975 719 1039 verbo
742 971 955 1064 μάχεσθαι,
981 997 1054 1040 cum
1077 996 1204 1041 versum
1226 974 1265 1039 de
1281 993 1340 1037 suo

201 1086 331 1154 adderet
355 1086 420 1152 251
445 1081 484 1152 εἰ
503 1080 701 1154 πλεόνεσσι
723 1083 905 1174 μάχοιτο·
934 1081 979 1152 σε)
993 1075 1074 1152 δὀό
1086 1081 1186 1151 naret
1196 1091 1342 1174 μοῖραν

203 1193 361 1278 ἐί-ειπες,
396 1199 510 1263 merito
542 1201 723 1283 suspectum
755 1199 821 1262 iam
844 1197 1001 1263 Nauokio.
1039 1197 1139 1262 Aliud
1162 1196 1344 1282 exemplum

202 1310 263 1374 adi.
302 1304 489 1402 ἀργαλέον
520 1309 614 1374 relati
645 1312 681 1376 ut
713 1307 745 1374 h.
776 1309 797 1373 1.
835 1309 875 1374 ad
899 1309 1032 1375 verbum
1053 1329 1274 1394 praegressum
1295 1307 1344 1371 le-

201 1422 292 1507 gitur
315 1421 353 1486 Il.
387 1421 413 1486 Y
436 1422 512 1487 367.
539 1419 574 1487 si
596 1425 706 1486 tamen
728 1443 823 1507 quem
846 1421 929 1486 forte
952 1424 1058 1487 movet
1082 1419 1260 1485 observatio
1271 1421 1347 1505 post

202 1534 374 1600 formulam
398 1527 586 1624 ἀργαλέον
609 1523 649 1600 δὲ
672 1533 761 1618 sequi
785 1535 884 1600 solere
908 1532 1110 1598 Infinitivum
1121 1531 1196 1596 inde
1210 1552 1345 1616 suspen·

203 1667 286 1724 sum,
321 1645 350 1709 is
385 1666 516 1730 gravem
549 1643 645 1723 huius
669 1666 788 1723 versus,
813 1668 908 1730 quem
931 1645 1076 1730 spurium
1099 1665 1166 1710 esse
1189 1643 1342 1728 suspicor,

203 1756 416 1842 corruptelam
438 1756 589 1821 admittat
606 1778 733 1821 necesse
744 1762 802 1822 est.
828 1756 920 1822 Nihil
932 1763 1016 1823 certe
1027 1756 1194 1844 proficitur
1205 1753 1346 1820 Nauclrii

206 1869 389 1936 coniectura
413 1859 623 1959 ἄνδρεσσιν
646 1864 851 1937 πλεόνεσσι.

248 2031 305 2100 Od.
332 2030 354 2118 ζ
380 2032 461 2100 182:

298 2158 344 2230 ου’
356 2181 358 2185 ’
366 2161 437 2248 μὲν
459 2157 533 2254 γάρ
556 2161 623 2230 τοῦ
647 2182 687 2253 γε
711 2169 893 2253 κρεῖσσον
916 2157 984 2228 καὶ
1009 2157 1139 2252 ἄρειον

204 2271 225 2357 ἢ
251 2267 316 2339 ὅθ’
342 2266 619 2361 ὁμοφρονέοντε
643 2271 815 2359 νοήμασι
840 2278 974 2338 fateor
999 2266 1143 2361 ἔχητον

209 2379 305 2476 ἀνὴρ
330 2374 394 2466 ἠδὲ
420 2381 527 2474 γυνή·
553 2377 658 2451 πόλλ’
683 2378 802 2475 ἄλγεα
825 2374 1096 2473 δυσμενέεσσιν

204 2485 717 2586 χάρματαδέόμενέτῃστ
732 2490 905 2582 μόλιςα
926 2486 1017 2563 δότ’
1030 2491 1188 2567 ἔκλυον
1201 2494 1346 2590 αρ’τοί.

252 2659 454 2724 Vocabulum
477 2653 673 2743 εόμενέτης
696 2659 794 2744 probe
812 2657 970 2726 Graecum
980 2683 1047 2728 esse
1059 2663 1247 2748 persuadere
1266 2665 1347 2730 mihi

206 2769 349 2857 nequem
373 2792 433 2836 nec
468 2769 580 2835 dubito
610 2771 691 2856 quin
721 2771 802 2872 h..l.
828 2771 986 2839 Homerus
1010 2776 1142 2855 dederit,
1166 2777 1251 2864 quod
1274 2783 1348 2866 post

205 2904 279 2949 eum
302 2886 497 2969 usurpanmt
520 2903 644 2952 omnes:
1319 2883 1329 2892 ³

498 3036 687 3132 χάρματα
711 3031 747 3108 δ’
771 3038 1042 3130 εόμενέεσσι·

204 3247 218 3258 ·-
255 3206 413 3272 Vocabuli
425 3205 652 3313 antiquitatem
663 3212 789 3292 praeter
800 3207 982 3293 oppositum
993 3207 1024 3274 h.
1039 3211 1061 3275 l.
1077 3202 1351 3299 δυσμενέεσσιν

172 3369 174 3376 .
208 3322 347 3384 testatur
370 3321 481 3382 auctor
505 3315 628 3401 Hymni
652 3316 725 3397 XX,
752 3319 786 3384 7:

257 3498 385 3580 χαῖρε,
412 3471 640 3556 Ποσείδαον
664 3489 838 3579 γαιήοχε,
858 3500 1116 3581 κυανοχαῖτα,

256 3598 324 3670 καὶ
347 3599 488 3690 μάκαρ,
511 3595 689 3687 εὐμενὲς
713 3585 800 3692 ἦτορ
823 3595 1154 3692 &pausatam
1177 3605 1298 3703 ἄρηγε.

255 3785 365 3870 Longe
396 3783 526 3869 gravius
557 3783 729 3869 depravata
753 3789 829 3851 sunt
852 3787 922 3872 ipsa
946 3792 1111 3876 sequentia
1133 3790 1283 3881 μάλιςα
1307 3787 1357 3866 δέ

139 3911 142 3934 ’
211 3897 242 3965 τ’
267 3889 402 4000 ε”ιιλυον
426 3890 550 3972 αότοί,
575 3916 656 3980 quae
680 3896 800 3960 dudum
817 3897 897 3962 mihi
910 3906 1057 3967 crearunt
1068 3905 1239 3985 molestias,
1252 3930 1354 3993 quare

209 4031 276 4076 non
299 4009 368 4074 sine
395 4007 519 4072 laetitia
542 4007 681 4092 quadam
715 4007 751 4072 in
774 4031 895 4094 nupera
919 4010 1060 4078 Nauokii
1084 4016 1222 4083 editione
1246 4042 1350 4086 auno-

209 4125 314 4188 tatum
337 4119 405 4184 vidi
427 4122 541 4184 acerba
563 4121 705 4184 vitioso.’'
733 4118 828 4199 Olim,
854 4123 970 4187 collato
993 4125 1062 4191 loco
1086 4127 1197 4194 Iliadis
1220 4130 1257 4197 A
1268 4132 1351 4212 218,

209 4252 418 4299 comeceram:

443 4385 543 4458 θεοὶ
567 4380 613 4456 δὲ
637 4385 738 4473 μάλ’
755 4386 924 4474 ε”κλυον
956 4391 1113 4465 αὐτῶν.

206 4562 243 4626 ut
267 4557 322 4636 dii,
347 4556 464 4645 quippo
487 4552 685 4637 matrimonii
718 4559 862 4636 auctores
888 4556 940 4642 (cf.
969 4557 1034 4630 180
1059 4563 1134 4649 ορ),
1159 4563 1353 4652 coniugibus
