3054 5312
735 225 748 311 (
776 223 859 308 66)

270 409 396 479 Ibidem
419 433 465 478 ve.
491 411 552 479 91:

273 569 387 656 Λητὼ
407 562 444 638 d’
469 568 640 663 ἐννῆμάρ
661 593 699 638 τε
723 569 791 641 καὶ
815 565 926 643 ἐννέα
950 568 1089 650 νύκτας
1114 565 1330 653 ἀέλπτοις

274 675 457 755 ὠδίνεσσι
481 686 655 777 πέπαρτο.

272 849 385 936 Nuper
407 852 444 916 in
466 851 607 917 editione
630 869 701 913 mea
724 847 813 914 Ionis
837 848 1003 938 Euripidei
1026 849 1213 936 (Ultraiecti
1236 871 1286 936 ap.
1307 847 1376 915 Ke-

228 961 321 1027 mink
344 965 377 1027 et
400 962 457 1041 fil,
483 984 514 1046 p.
543 961 623 1046 187)
649 959 751 1024 obiter
774 961 955 1046 significavi
976 983 1034 1046 pro
1047 960 1184 1026 absurdo
1198 955 1373 1038 ἀέλπτοις

225 1074 361 1139 fortasse
396 1073 621 1160 corrigendum
657 1093 724 1136 esse
749 1066 939 1155 α’πλήτοι
946 1095 978 1153 ς.
1004 1072 1111 1139 Possit
1133 1094 1260 1157 quoque
1285 1072 1373 1158 cogi-

226 1187 292 1252 tari
324 1186 363 1251 de
395 1181 583 1270 ατλήτοις,
618 1184 646 1248 ri
670 1185 747 1249 satis
781 1189 906 1251 constet
938 1187 976 1251 de
1008 1186 1169 1270 scriptura
1191 1183 1312 1270 Hymn.
1337 1184 1374 1249 in

228 1295 375 1364 Cererem
397 1319 442 1362 vs.
470 1296 546 1361 344.
585 1295 647 1360 Sed
671 1296 706 1360 in
738 1299 874 1382 utroque
898 1298 1053 1364 vocabulo
1078 1298 1156 1384 (vid.
1182 1318 1223 1361 m
1247 1295 1374 1375 Rocnn

226 1407 326 1473 Ηοοι.
368 1407 452 1487 Πολ,
483 1430 514 1491 p.
542 1409 561 1472 3
588 1410 620 1472 et
652 1406 687 1493 4)
713 1409 868 1494 correptio
892 1409 1013 1494 primae
1038 1409 1179 1494 syllabae
1202 1407 1299 1472 nimis
1323 1407 1376 1472 in-

230 1521 322 1584 firmo
334 1520 467 1585 tibicine
479 1520 562 1584 fulta
574 1523 633 1600 est,
650 1540 748 1603 quam
764 1524 801 1584 ut
817 1522 1002 1588 coniectura
1026 1522 1124 1606 epicis
1148 1544 1219 1586 eam
1242 1521 1377 1586 obtrudi

226 1631 331 1698 liceat.
358 1631 496 1697 Restant
519 1636 637 1711 autem,
661 1632 747 1716 quod
771 1633 905 1713 videam,
931 1634 994 1699 duo
1017 1637 1146 1698 tantum
1165 1633 1322 1698 adiectiva
1342 1636 1377 1698 et
1516 1710 1521 1718 .

225 1745 330 1809 metro
362 1747 395 1809 et
428 1745 605 1810 sententiae
641 1746 734 1828 apta3
772 1748 809 1809 ut
833 1745 931 1811 scribi
954 1746 1057 1832 possit
1081 1749 1153 1810 aut:
1180 1739 1347 1828 ἀλάςοι
1352 1766 1377 1822 ς

224 1859 281 1920 aut
305 1849 520 1940 ἀλήκτοις
550 1846 729 1924 ὠδίνεσσι
756 1855 933 1947 πέπαρτο.
958 1856 1005 1922 Ae
1017 1857 1190 1944 posteriori
1206 1878 1274 1921 non
1285 1856 1378 1924 favet

233 1986 309 2029 usus
332 1964 476 2047 Homeri,
499 1967 556 2051 qui
579 1966 698 2051 ubique
721 1966 818 2033 habet
843 1962 1038 2049 ἄλληκτος.

276 2200 401 2267 Ibidem
425 2223 470 2267 vs.
499 2203 581 2269 106:
720 2283 722 2288 ,

297 2364 351 2452 μή
374 2385 448 2452 μιν
472 2359 585 2432 ἔπειτ’
610 2359 778 2436 ἐπέεσσιν
802 2364 1097 2458 αποςρέινειεν
1122 2369 1273 2443 λοῦσαν.

273 2545 326 2614 Ex
357 2548 467 2614 addito
501 2549 703 2617 substantivo
727 2544 894 2620 ἐπέεσσιν
917 2559 1053 2639 apparet
1075 2556 1188 2641 hymni
1210 2564 1374 2628 auctorem

231 2658 354 2725 dedisse
378 2655 553 2752 α’ποτρέ
557 2679 692 2748 ψειεν.
730 2663 907 2748 Utriusque
940 2667 1029 2730 verbi
1053 2689 1130 2733 usus
1153 2672 1303 2738 nonnihil
1327 2674 1375 2739 di·

229 2791 338 2835 versus
362 2772 442 2837 disci
465 2774 573 2857 potest
596 2775 721 2840 collatis
744 2775 794 2839 his
810 2775 890 2840 locis
906 2774 1101 2845 Homericis:
1121 2779 1161 2846 K
1174 2782 1252 2863 355,
1268 2777 1301 2852 O
1318 2786 1373 2866 62,

230 2881 274 2949 Χ
305 2884 383 2964 197,
417 2906 442 2978 γ
476 2887 553 2966 162,
586 2910 617 2975 χ
651 2889 728 2966 173,
767 2888 845 2968 190,
870 2888 990 2974 Hymn.
1016 2892 1051 2956 in
1076 2893 1210 2960 Mercur.
1240 2897 1294 2977 76,
1319 2899 1374 2963 ubi

229 2988 475 3087 ἀποςρέφειν,
500 3001 533 3064 et
548 2999 595 3066 M
607 2999 686 3079 249,
705 3001 735 3064 Y
748 3001 826 3080 109,
841 3001 919 3081 256,
935 3001 974 3068 Φ
987 3006 1066 3085 339,
1078 3006 1136 3072 ubi
1148 3003 1375 3101 ἀποτρέπειν

229 3114 418 3196 usurpatur,

278 3345 399 3432 Hymn.
424 3347 460 3412 in
483 3345 669 3433 Apollinem
693 3346 847 3434 Pythium
869 3350 942 3416 init.
970 3353 1028 3438 (=
1042 3352 1070 3434 I,
1097 3356 1163 3421 179
1176 3359 1245 3445 sq):

328 3494 357 3576 ὧ
381 3508 474 3598 ἄνα,
498 3509 566 3580 καὶ
590 3510 740 3596 Λυκίην
764 3507 833 3581 καί
855 3513 1034 3604 Μῃονίην
1058 3515 1252 3612 ἐρατεινήν

240 3679 242 3686 .
325 3617 394 3688 καὶ
420 3618 594 3704 Μίλητον
619 3614 734 3713 ἔχεις,
760 3615 925 3694 ἔναλον
946 3624 1060 3698 πόλιν
1084 3629 1320 3722 ἱμερόεσσαν.

280 3792 352 3859 Sive
373 3793 408 3857 hi
431 3817 541 3860 versus
565 3796 667 3881 spurii
693 3801 770 3863 sunt
793 3799 860 3865 sive
883 3802 1028 3886 genuini,
1054 3828 1165 3871 eorum
1176 3813 1289 3877 auctor
1301 3831 1373 3896 pro-

232 3905 285 3971 cul
308 3904 405 3970 dubio
429 3908 570 3993 scripsit:

642 4125 643 4130 ,
747 4052 927 4143 έφαλον
952 4057 1066 4131 πόλιν
1091 4062 1324 4156 ἱμερόεσσαν.

280 4217 327 4284 Of.
353 4216 442 4284 11.ss
474 4215 553 4292 538,
588 4211 666 4291 584,
691 4210 811 4297 Hymn.
838 4214 873 4277 in
898 4213 967 4283 Cer.
993 4218 1072 4284 410.
1110 4221 1238 4288 Insulae
1263 4228 1373 4290 contra

231 4334 364 4397 suntet
388 4330 540 4395 dicuntur
565 4318 692 4391 ἔναλοι
717 4346 741 4389 s.
768 4319 946 4394 εἰνάλιαι.
997 4327 1219 4417 corruptelam
1243 4332 1371 4422 corrup-

229 4443 294 4509 tela
331 4444 441 4506 tuetnr
476 4435 713 4502 Baumeisterus
750 4435 884 4500 afferens
919 4436 1046 4522 Pindar.
1076 4442 1123 4510 01.
1150 4443 1209 4522 IX,
1236 4447 1290 4526 99,
1316 4447 1371 4512 ubi

230 4576 288 4641 pro
312 4546 463 4621 εἰναλία
488 4549 623 4614 fortasse
647 4569 757 4612 verum
781 4550 829 4612 est
852 4539 1027 4638 ἀγχιάλα
1052 4552 1099 4641 (τ’
1127 4551 1342 4647 'etruscus
