3054 5312
627 269 746 354 (⁷5)

115 463 211 525 boves
243 482 282 524 ex
314 464 407 524 antro
438 461 659 546 protruoturue
690 459 733 520 ed
764 459 893 521 antrum
925 477 958 520 se
989 453 1125 532 eonfert3
1151 457 1259 542 itaque

116 576 230 659 poetae
254 572 464 640 reddendum:

655 691 752 768 κιὼν
775 692 880 766 ποτέ
902 692 1039 767 λάινον
1062 693 1212 789 ἄντρον.

164 922 238 990 Vss.
272 921 468 1000 429-432,
504 920 621 1006 quibus
655 923 713 984 eut
736 917 822 984 iusto
845 919 939 1002 plura
963 922 1019 984 aut
1041 919 1138 984 nimis
1161 941 1263 1005 peuce

117 1037 303 1111 narrantur,
327 1031 447 1117 quique
470 1031 562 1095 inani
585 1030 757 1096 eommdem
780 1029 950 1094 verborum
972 1031 1161 1115 repetitione
1173 1031 1263 1096 lebo-

116 1151 205 1225 rant,
241 1167 292 1230 me
322 1143 427 1208 iudiee
457 1143 571 1208 melius
604 1141 760 1207 abessent.
791 1140 899 1206 Verbo
923 1137 974 1220 ὡς
998 1136 1046 1206 λα
1046 1163 1093 1230 χε
1117 1148 1263 1232 μοῖραν

117 1255 257 1335 έκαςος
281 1256 415 1320 fortasse
439 1275 550 1320 susem
573 1255 727 1319 dederunt
744 1253 965 1339 interpolatori
989 1258 1026 1319 ut
1036 1255 1114 1320 haee
1126 1254 1262 1319 adderet.

169 1463 295 1528 Ibidem
317 1483 363 1527 vs.
391 1459 476 1527 450:

170 1587 238 1659 καὶ
263 1587 337 1681 γαρ
362 1583 432 1679 ἐγὼ
457 1585 664 1678 Μούσῃσιν
689 1578 1018 1677 Ὀλυμπιάδεσσιν
1043 1578 1195 1671 ὀπηδός,

170 1707 255 1790 τῇσι
279 1698 400 1789 χοροί
418 1722 456 1765 τε
479 1695 639 1788 μελονσι
663 1696 732 1766 καὶ
757 1694 903 1792 α’γλαος
926 1691 1042 1787 οἶμος
1066 1691 1203 1784 ἀοιδῆς

171 1810 239 1880 καὶ
262 1807 388 1901 μολπὴ
413 1806 598 1878 τεθαλυῖα
622 1807 692 1879 καὶ
717 1809 883 1904 ἱμερόεις
905 1805 1058 1903 βρόμος
1082 1809 1226 1898 αὐλῶν,

174 1916 239 1995 οἷα
263 1921 374 1993 νέων
399 1917 542 2006 θαλίῃς
566 1913 716 2003 ἐνδέξια
742 1918 835 2014 ἔργα
859 1919 1050 1992 πέλονται.

171 2061 326 2150 Apollini,
351 2061 408 2147 qui
431 2061 573 2141 deorum,
597 2082 664 2126 non
687 2060 850 2142 iuvenum,
875 2064 1030 2129 conviviis
1053 2064 1268 2130 interesseso-

123 2178 223 2256 lebet,
247 2173 362 2260 magis,
386 2176 424 2237 ut
446 2173 570 2258 opinor,
596 2173 794 2240 conuenerit:

242 2311 307 2389 οἶα
334 2319 451 2387 θεῶν
477 2314 620 2409 θαλίῃς
643 2310 792 2400 ἐνδέξια
817 2312 911 2412 ἔργα
935 2315 1126 2390 πέλονται.

175 2469 320 2536 Ceterum
343 2490 420 2532 usus
443 2466 595 2532 adieetivi
618 2456 783 2547 ε”νδέξιος
808 2489 866 2561 pro
884 2457 1018 2548 δεξιος,
1032 2490 1057 2534 ε.
1071 2458 1268 2551 ἐπιδέξιος,
1404 2506 1411 2520 ,

127 2588 165 2649 ut
185 2583 316 2648 seriores
340 2603 433 2666 saepe
457 2579 580 2658 dieunt,
606 2583 655 2643 est
671 2578 747 2644 huie
758 2583 871 2665 poetae
882 2581 1062 2666 peeulieris.
1088 2580 1270 2649 Oeveenim

127 2695 268 2762 oonioies
294 2687 437 2782 θαλίῃς
462 2685 533 2761 ἔνι.
560 2691 660 2757 Vetat
678 2713 818 2759 caesura.

175 2899 301 2964 Ibidem
325 2900 392 2964 466
419 2920 482 2983 sq.:

201 3030 364 3120 σήμερον
388 3020 565 3112 εἰδήσεις·
592 3019 727 3094 ἐθέλω
750 3018 801 3095 δέ
818 3049 887 3094 τοι
911 3025 1043 3111 ἤπιος
1066 3020 1189 3099 εἶναι

177 3137 313 3232 [βουλῇ
339 3139 406 3210 καὶ
431 3137 608 3224 μύθοισι·
637 3136 683 3207 σε)
710 3130 750 3207 δὲ
774 3137 886 3231 φρεσὶ
909 3137 1018 3209 πάντ’
1041 3125 1081 3210 εὖ
1105 3133 1246 3230 οἷδας].

176 3291 270 3357 Alter
304 3314 413 3357 versus
461 3292 546 3376 sepit
580 3290 796 3377 impostorem,
832 3311 896 3375 quo
931 3290 1066 3376 dignum
1101 3295 1149 3356 est
1180 3313 1274 3358 suum

1 3435 2 3468 ι
131 3393 246 3482 οἶδας
270 3426 329 3490 pro
355 3395 485 3472 οἶσθα.
510 3403 584 3468 Vid.
610 3403 699 3468 loeus
723 3400 835 3466 Iliadis
863 3399 894 3468 Θ
918 3401 973 3469 40.

131 3694 133 3700 7
178 3611 304 3678 leuem
330 3612 412 3676 562:

227 3759 273 3844 ἢν
298 3750 331 3827 δ’
357 3754 681 3844 ἀπονοσφισθῶσι
707 3759 825 3859 θεῶν
847 3747 979 3840 ἡδεῖαν
1004 3746 1157 3841 ἐδωδήν.

180 3907 279 3974 Recte
302 3906 572 3983 describeretur,
595 3905 622 3969 si
646 3906 707 3969 mel
730 3909 812 3988 esset¹
835 3907 942 3970 solitus
961 3906 1093 3971 deorum
1105 3907 1205 3988 eibus,
1218 3931 1278 3975 neo

133 4020 309 4107 quidquam
333 4019 373 4083 sd
397 4040 464 4083 rem
487 4016 576 4094 feeit,
601 4014 710 4081 Iovem
735 4015 894 4082 infantem
922 4017 1016 4082 melle
1027 4019 1187 4086 nutritum
1199 4043 1275 4086 esse.

135 4131 231 4197 Nune
256 4130 362 4195 neseio
386 4153 429 4195 en
453 4128 676 4214 corrigendum
700 4127 757 4193 sit:

215 4261 275 4356 :tv
300 4251 333 4327 δ’
360 4255 686 4345 ἀπονοσφισθῶσι
711 4255 818 4323 θεαὶ
840 4246 973 4339 ἡδεῖαν
998 4247 1146 4342 ἐδωδήν

137 4393 216 4458 dede
245 4389 312 4454 seil.
353 4371 477 4480 Θρῖαι,
513 4410 593 4474 quus
630 4385 835 4451 Hermennus
871 4385 1027 4470 palmaria
1058 4390 1280 4460 emendatione

135 4527 181 4570 vs.
221 4502 286 4567 552
323 4500 466 4564 restituit
500 4523 557 4586 pro
581 4493 787 4578 MOIPAI,
813 4497 864 4563 eui
888 4498 959 4563 vooi
982 4499 1085 4587 prime
1105 4501 1200 4568 litero
1223 4507 1278 4574 de-

136 4618 251 4694 tractu,
277 4615 420 4696 superest
447 4606 820 4678 ()1PA1=eP1A1.
