3054 5312
651 299 773 387 (⁵⁵)

139 487 224 550 oedit
247 487 283 550 in
307 483 426 565 oeulos,
451 509 550 574 quem
573 489 683 572 inepte
705 487 756 554 vel
779 488 886 572 potius
910 487 1045 552 ridieulo
1067 488 1147 554 haee
1165 489 1290 556 Inertis

137 598 308 684 descriptio
334 601 524 664 terminetur
547 601 652 665 verbis
677 598 825 678 πένθος
840 594 970 680 ἀέξων.
997 598 1096 674 Quasi
1108 623 1184 666 vero
1196 623 1292 668 senex

136 713 267 795 propter
289 730 421 794 grevem
433 710 558 774 luotum
574 714 715 795 gestaret
726 710 865 795 pileum!
903 710 1012 775 Verba
1024 711 1198 797 depravete
1210 714 1291 798 quin

135 820 203 884 sint
227 825 385 906 punotum
408 823 562 907 temporis
585 844 652 887 non
677 823 799 887 dubito.
827 811 911 898 Quid
935 827 1046 888 euetor
1071 824 1292 891 dederit-uerte

135 932 267 1017 quidem
301 933 525 998 emendatione
560 933 648 998 haud
683 933 778 998 feeile
813 935 977 1000 restitues,
1030 933 1091 1006 Sed
1126 939 1236 1002 temen
1272 960 1292 1002 a

135 1043 297 1108 sententie
329 1065 396 1108 nou
427 1044 523 1128 longe
555 1045 702 1108 aberrare
739 1067 812 1109 eum
835 1045 891 1129 qui
916 1045 1087 1110 coniecerit
1113 1041 1290 1126 θάλπος

135 1146 434 1234 &tegernseensi
458 1177 565 1218 αττιιτε
590 1155 623 1239 (e
648 1154 752 1239 sepite
777 1155 893 1240 oelvo),
918 1155 1109 1220 documento
1120 1159 1198 1220 sunt
1208 1178 1292 1241 queo

136 1265 347 1349 praecedunt:

370 1397 620 1493 κνημῖδας-
636 1409 809 1498 γραπτῦς
833 1400 1014 1510 α’λεείνόν

371 1509 551 1608 χειρῖδας
576 1522 606 1581 τ’
623 1557 665 1566 -
680 1513 822 1605 βοτῶν
844 1516 965 1588 ἕνεκα.

154 1671 158 1698 ’·
187 1661 350 1742 Πένθος
375 1663 486 1750 procul
511 1662 609 1727 dubio
633 1663 729 1728 fluxit
752 1685 769 1728 e
793 1685 838 1728 vs.
864 1666 941 1728 232.

189 1925 228 1980 ω,
256 1903 338 1966 273:
365 1909 435 1969 κατ’
460 1925 525 1968 τοι
551 1895 673 1993 δῶρα
691 1899 810 1992 πόρον
827 1902 1017 1987 ξεινήια,
1034 1895 1292 1970 οἰαεετοίκει.

189 2047 305 2116 Peoeet
337 2049 390 2113 hie
422 2071 532 2114 versus
565 2055 676 2114 eontra
709 2071 887 2114 sermonem
919 2048 1137 2127 Homericum,
1170 2049 1206 2113 in
1229 2071 1293 2134 quo

142 2160 311 2244 ξεινήιον
344 2163 529 2226 constanter
560 2165 609 2224 est
633 2160 873 2226 substantivum
898 2158 983 2244 (Att.
1009 2158 1166 2244 ξένιον),
1190 2179 1294 2242 neque

143 2271 274 2336 omnino
299 2271 384 2355 epud
408 2271 578 2355 scriptores
603 2269 741 2335 Greeoos
766 2269 959 2334 edieotivum
976 2248 1145 2351 ξεινήιος
1157 2289 1295 2353 usquam

144 2386 305 2468 repertum
328 2385 386 2446 est.
413 2379 460 2446 Ol.
486 2402 532 2447 vs.
561 2383 627 2446 283
652 2381 820 2466 intelleges
843 2384 972 2466 poetam
995 2379 1132 2446 dedisse:

213 2545 373 2613 καίτοι
397 2541 540 2614 πολλα
563 2541 684 2636 πόρον
708 2543 909 2628 ξεινήια,Ι
928 2533 993 2610 οἷα
1019 2539 1198 2608 τετοίκει.

194 2709 309 2800 Δῶρα
344 2709 456 2794 prooul
480 2708 578 2773 dubio
601 2709 759 2792 glossema
783 2712 832 2772 est
856 2708 1054 2792 adscriptum
1078 2727 1117 2770 ex
1142 2727 1188 2770 vs.
1216 2709 1295 2774 283.

144 2821 191 2888 of.
218 2820 357 2906 Hesyoh.
383 2821 510 2900 ξένιος
540 2859 581 2870 -
608 2812 724 2911 δῶρα.
759 2817 952 2885 Nostrorum
976 2818 1133 2883 librorum
1156 2838 1296 2884 errorem

145 2955 211 3000 esse
235 2932 291 2997 vix
314 2931 488 2996 dubitetis.

194 3197 222 3239 ω
261 3172 343 3237 546:

192 3223 305 3376 ὅρκια
329 3266 415 3348 δἀὗ
440 3275 692 3346 κατόπισθε
718 3274 797 3358 μετ’
823 3270 1102 3368 ἀμφοτέροισιν
1127 3273 1241 3359 ἔθηκε

195 3389 358 3471 Παλλάς
383 3389 586 3474 Ἀθηναίη.

193 3543 309 3607 Merito
328 3543 517 3624 ¹suspectum
542 3535 691 3602 Neuokio
716 3535 786 3600 edu.
821 3532 1065 3604 κατόπισθεν.
1104 3535 1189 3601 Nem
1213 3540 1299 3622 quod

148 3653 306 3720 sententie
338 3649 482 3716 admittit
513 3651 547 3712 ιἰι
578 3661 747 3734 posterum,
778 3645 920 3713 Homero
944 3646 1080 3712 nonsio
1104 3648 1300 3716 dicitursed

150 3763 300 3834 ὀπίσω.
326 3761 513 3847 Legendum
539 3761 698 3845 suspicor:

149 3905 282 4004 ὅρκια
305 3893 402 3977 ὃάο
428 3902 527 3974 τότε
551 3901 663 3988 πιςα
687 3903 769 3991 μετ’
791 3899 1078 3995 ἀμφοτέροισιν
1091 3896 1204 3989 ἔθηκε
1215 3902 1295 3973 κτλ.

196 4057 243 4125 Of.
270 4080 366 4146 supre
390 4057 474 4121 483:

220 4203 352 4297 ὅρκια
377 4199 489 4286 πιςα
513 4195 702 4284 ταμόντες
728 4192 748 4263 ὃ
773 4191 847 4281 μὲν
872 4190 1106 4276 βασιλευέτω
1130 4194 1217 4266 αἰεί.

196 4353 270 4419 Vid.
297 4349 333 4416 B
361 4350 438 4427 124,
464 4347 500 4413 Γ
526 4347 580 4424 73,
608 4345 664 4422 94,
690 4342 770 4420 245,
797 4341 877 4420 252,
909 4343 988 4422 269,
1015 4344 1094 4422 280,
1120 4345 1200 4424 323,
1225 4348 1299 4410 cett

197 4589 359 4658 Oleudent
379 4589 496 4654 herum
520 4583 780 4650 observationum
804 4598 921 4664 agmen
944 4579 1187 4667 disquisitiones
1206 4605 1305 4668 quee-
