<?xml version="1.0" encoding="UTF-8"?>
<!DOCTYPE html PUBLIC "-//W3C//DTD XHTML 1.0 Transitional//EN"
    "http://www.w3.org/TR/xhtml1/DTD/xhtml1-transitional.dtd">
<html xmlns="http://www.w3.org/1999/xhtml" xml:lang="en" lang="en">
 <head>
  <title>
</title>
<meta http-equiv="Content-Type" content="text/html;charset=utf-8" />
  <meta name='ocr-system' content='tesseract 3.04.00' />
  <meta name='ocr-capabilities' content='ocr_page ocr_carea ocr_par ocr_line ocrx_word'/>
</head>
<body>
  <div class='ocr_page' id='page_1' title='image "./quaestiunculaee00herwgoog_0033.png"; bbox 0 0 3054 5312; ppageno 0'>
   <div class='ocr_carea' id='block_1_1' title="bbox 790 285 794 294">
    <p class='ocr_par' dir='ltr' id='par_1_1' title="bbox 790 285 794 294">
     <span class='ocr_line' id='line_1_1' title="bbox 790 285 794 294; baseline 0 0"><span class='ocrx_word' id='word_1_1' title='bbox 790 285 794 294; x_wconf 82' lang='grc' dir='ltr'><strong><em>ι</em></strong></span> 
     </span>
    </p>
   </div>
   <div class='ocr_carea' id='block_1_2' title="bbox 783 318 902 403">
    <p class='ocr_par' dir='ltr' id='par_1_2' title="bbox 783 318 902 403">
     <span class='ocr_line' id='line_1_2' title="bbox 783 318 902 403; baseline 0 0"><span class='ocrx_word' id='word_1_2' title='bbox 783 318 902 403; x_wconf 83' lang='lat'><strong>(20)</strong></span> 
     </span>
    </p>
   </div>
   <div class='ocr_carea' id='block_1_3' title="bbox 273 491 1408 816">
    <p class='ocr_par' dir='ltr' id='par_1_3' title="bbox 273 491 1408 816">
     <span class='ocr_line' id='line_1_3' title="bbox 273 491 1404 595; baseline 0.004 -28"><span class='ocrx_word' id='word_1_3' title='bbox 273 491 312 567; x_wconf 80' lang='grc' dir='ltr'><strong>δε</strong></span> <span class='ocrx_word' id='word_1_4' title='bbox 340 501 581 592; x_wconf 73' lang='grc' dir='ltr'><strong><em>Ἀρίςαρχος</em></strong></span> <span class='ocrx_word' id='word_1_5' title='bbox 606 500 706 570; x_wconf 83' lang='grc' dir='ltr'><strong><em>κατα</em></strong></span> <span class='ocrx_word' id='word_1_6' title='bbox 727 502 929 595; x_wconf 81' lang='grc' dir='ltr'><strong><em>σογκοιιην,</em></strong></span> <span class='ocrx_word' id='word_1_7' title='bbox 957 501 1007 582; x_wconf 80' lang='grc' dir='ltr'><strong>ὡς</strong></span> <span class='ocrx_word' id='word_1_8' title='bbox 1033 500 1076 571; x_wconf 88' lang='grc' dir='ltr'><strong>τὸ</strong></span> <span class='ocrx_word' id='word_1_9' title='bbox 1096 493 1258 572; x_wconf 85' lang='grc' dir='ltr'><strong><em>δασκλεά</em></strong></span> <span class='ocrx_word' id='word_1_10' title='bbox 1272 504 1320 593; x_wconf 84' lang='grc' dir='ltr'><strong>(Β</strong></span> <span class='ocrx_word' id='word_1_11' title='bbox 1335 510 1404 587; x_wconf 88' lang='grc'>115,</span> 
     </span>
     <span class='ocr_line' id='line_1_4' title="bbox 276 609 1408 708; baseline 0.01 -33"><span class='ocrx_word' id='word_1_12' title='bbox 276 611 301 675; x_wconf 85' lang='lat' dir='ltr'><em>L</em></span> <span class='ocrx_word' id='word_1_13' title='bbox 326 614 396 698; x_wconf 91' lang='grc'>22),</span> <span class='ocrx_word' id='word_1_14' title='bbox 422 614 558 678; x_wconf 87' lang='lat' dir='ltr'><strong>altorum</strong></span> <span class='ocrx_word' id='word_1_15' title='bbox 591 611 710 693; x_wconf 80' lang='grc' dir='ltr'><strong><em>οὕτως</em></strong></span> <span class='ocrx_word' id='word_1_16' title='bbox 742 609 896 695; x_wconf 73' lang='grc' dir='ltr'><strong><em>α’κλεες</em></strong></span> <span class='ocrx_word' id='word_1_17' title='bbox 920 615 995 703; x_wconf 85' lang='lat' dir='ltr'><strong>(sio)</strong></span> <span class='ocrx_word' id='word_1_18' title='bbox 1019 617 1066 681; x_wconf 85' lang='grc' dir='ltr'><strong>αἱ</strong></span> <span class='ocrx_word' id='word_1_19' title='bbox 1090 610 1324 708; x_wconf 77' lang='grc' dir='ltr'><strong><em>Ἀριςόρχον</em></strong></span> <span class='ocrx_word' id='word_1_20' title='bbox 1347 615 1408 685; x_wconf 83' lang='grc' dir='ltr'><strong>καὶ</strong></span> 
     </span>
     <span class='ocr_line' id='line_1_5' title="bbox 274 725 1349 816; baseline 0.004 -26"><span class='ocrx_word' id='word_1_21' title='bbox 274 728 319 790; x_wconf 82' lang='grc' dir='ltr'><strong>αἱ</strong></span> <span class='ocrx_word' id='word_1_22' title='bbox 342 726 578 816; x_wconf 78' lang='grc' dir='ltr'><strong><em>χαριέςεραι.</em></strong></span> <span class='ocrx_word' id='word_1_23' title='bbox 605 725 690 792; x_wconf 84' lang='lat' dir='ltr'><strong>Utut</strong></span> <span class='ocrx_word' id='word_1_24' title='bbox 713 726 841 813; x_wconf 76' lang='lat' dir='ltr'><strong>scripsit</strong></span> <span class='ocrx_word' id='word_1_25' title='bbox 864 727 1081 806; x_wconf 85' lang='lat' dir='ltr'><strong>Aristarchus,</strong></span> <span class='ocrx_word' id='word_1_26' title='bbox 1106 748 1166 814; x_wconf 82' lang='lat' dir='ltr'><strong>ego</strong></span> <span class='ocrx_word' id='word_1_27' title='bbox 1188 729 1349 794; x_wconf 74' lang='lat' dir='ltr'><strong>ediderim:</strong></span> 
     </span>
    </p>
   </div>
   <div class='ocr_carea' id='block_1_4' title="bbox 623 859 1506 1048">
    <p class='ocr_par' dir='ltr' id='par_1_4' title="bbox 623 859 1506 1048">
     <span class='ocr_line' id='line_1_6' title="bbox 623 859 1506 1048; baseline -0.003 -118"><span class='ocrx_word' id='word_1_28' title='bbox 623 860 669 932; x_wconf 74' lang='lat' dir='ltr'><strong>ov&#39;</strong></span> <span class='ocrx_word' id='word_1_29' title='bbox 692 863 769 951; x_wconf 83' lang='grc' dir='ltr'><strong>μὴν</strong></span> <span class='ocrx_word' id='word_1_30' title='bbox 793 859 971 943; x_wconf 84' lang='grc' dir='ltr'><strong><em>α’κλεεές</em></strong></span> <span class='ocrx_word' id='word_1_31' title='bbox 994 859 1067 932; x_wconf 84' lang='grc' dir='ltr'><strong>κτὲ.</strong></span> <span class='ocrx_word' id='word_1_32' title='bbox 1503 871 1506 1048; x_wconf 69' lang='grc' dir='ltr'><strong><em>ρ</em></strong></span> 
     </span>
    </p>
   </div>
   <div class='ocr_carea' id='block_1_5' title="bbox 320 1036 1506 1273">
    <p class='ocr_par' dir='ltr' id='par_1_5' title="bbox 320 1036 1506 1282">
     <span class='ocr_line' id='line_1_7' title="bbox 320 1036 1506 1124; baseline -0.001 -21"><span class='ocrx_word' id='word_1_33' title='bbox 320 1037 417 1103; x_wconf 85' lang='lat' dir='ltr'><strong>Recte</strong></span> <span class='ocrx_word' id='word_1_34' title='bbox 440 1039 507 1103; x_wconf 90' lang='lat' dir='ltr'><strong>iam</strong></span> <span class='ocrx_word' id='word_1_35' title='bbox 530 1037 714 1103; x_wconf 85' lang='lat' dir='ltr'><strong>Nauokium</strong></span> <span class='ocrx_word' id='word_1_36' title='bbox 737 1039 872 1104; x_wconf 80' lang='lat' dir='ltr'><strong>edidisse</strong></span> <span class='ocrx_word' id='word_1_37' title='bbox 895 1039 987 1104; x_wconf 88' lang='lat' dir='ltr'><strong>video</strong></span> <span class='ocrx_word' id='word_1_38' title='bbox 1012 1036 1115 1124; x_wconf 86' lang='lat' dir='ltr'><strong>Odyss</strong></span> <span class='ocrx_word' id='word_1_39' title='bbox 1139 1062 1164 1106; x_wconf 93' lang='grc' dir='ltr'><strong><em>α</em></strong></span> <span class='ocrx_word' id='word_1_40' title='bbox 1179 1042 1243 1106; x_wconf 92' lang='grc'><strong>241</strong></span> <span class='ocrx_word' id='word_1_41' title='bbox 1258 1039 1408 1119; x_wconf 69' lang='grc' dir='ltr'><strong>ολξ371ι</strong></span> <span class='ocrx_word' id='word_1_42' title='bbox 1505 1077 1506 1094; x_wconf 39' lang='lat' dir='ltr'><strong>t</strong></span> 
     </span>
     <span class='ocr_line' id='line_1_8' title="bbox 378 1151 1309 1273; baseline 0 -25"><span class='ocrx_word' id='word_1_43' title='bbox 378 1181 449 1248; x_wconf 79' lang='grc' dir='ltr'><strong>νῦν</strong></span> <span class='ocrx_word' id='word_1_44' title='bbox 474 1169 519 1245; x_wconf 80' lang='grc' dir='ltr'><strong>δέ</strong></span> <span class='ocrx_word' id='word_1_45' title='bbox 539 1202 611 1265; x_wconf 83' lang='grc' dir='ltr'><strong>μιν</strong></span> <span class='ocrx_word' id='word_1_46' title='bbox 635 1151 824 1258; x_wconf 59' lang='lat' dir='ltr'><strong>deleres</strong></span> <span class='ocrx_word' id='word_1_47' title='bbox 846 1174 1028 1270; x_wconf 73' lang='grc' dir='ltr'><strong><em>Ἆρααιαι</em></strong></span> <span class='ocrx_word' id='word_1_48' title='bbox 1054 1175 1309 1273; x_wconf 75' lang='grc' dir='ltr'><em>ἀνηρείψαντο</em></span> 
     </span>
    </p>
   </div>
   <div class='ocr_carea' id='block_1_6' title="bbox 271 1331 1409 1422">
    <p class='ocr_par' dir='ltr' id='par_1_6' title="bbox 271 1331 1409 1422">
     <span class='ocr_line' id='line_1_9' title="bbox 271 1331 1409 1422; baseline -0.001 -22"><span class='ocrx_word' id='word_1_49' title='bbox 271 1359 328 1422; x_wconf 93' lang='lat' dir='ltr'><strong>pro</strong></span> <span class='ocrx_word' id='word_1_50' title='bbox 354 1331 524 1414; x_wconf 77' lang='grc' dir='ltr'><strong><em>α’κλειῶς,</em></strong></span> <span class='ocrx_word' id='word_1_51' title='bbox 549 1336 696 1420; x_wconf 86' lang='lat' dir='ltr'><strong>idemque</strong></span> <span class='ocrx_word' id='word_1_52' title='bbox 719 1337 937 1421; x_wconf 86' lang='lat' dir='ltr'><strong>reponendum</strong></span> <span class='ocrx_word' id='word_1_53' title='bbox 960 1337 1022 1401; x_wconf 89' lang='lat' dir='ltr'><strong>erit</strong></span> <span class='ocrx_word' id='word_1_54' title='bbox 1045 1335 1083 1401; x_wconf 92' lang='grc' dir='ltr'><strong>Π.</strong></span> <span class='ocrx_word' id='word_1_55' title='bbox 1113 1334 1149 1402; x_wconf 82' lang='grc' dir='ltr'><em>Ψ</em></span> <span class='ocrx_word' id='word_1_56' title='bbox 1173 1339 1250 1403; x_wconf 88' lang='grc'><strong>304.</strong></span> <span class='ocrx_word' id='word_1_57' title='bbox 1278 1336 1359 1402; x_wconf 87' lang='lat' dir='ltr'><strong>Loco</strong></span> <span class='ocrx_word' id='word_1_58' title='bbox 1375 1335 1409 1400; x_wconf 93' lang='lat' dir='ltr'><strong>Il.</strong></span> 
     </span>
    </p>
   </div>
   <div class='ocr_carea' id='block_1_7' title="bbox 270 1444 1410 1650">
    <p class='ocr_par' dir='ltr' id='par_1_7' title="bbox 270 1444 1410 1650">
     <span class='ocr_line' id='line_1_10' title="bbox 271 1444 1410 1530; baseline -0.001 -16"><span class='ocrx_word' id='word_1_59' title='bbox 271 1448 314 1514; x_wconf 95' lang='lat' dir='ltr'><em>X</em></span> <span class='ocrx_word' id='word_1_60' title='bbox 339 1449 403 1513; x_wconf 91' lang='lat'><strong>110</strong></span> <span class='ocrx_word' id='word_1_61' title='bbox 429 1447 586 1512; x_wconf 89' lang='lat' dir='ltr'><strong>edendum</strong></span> <span class='ocrx_word' id='word_1_62' title='bbox 609 1448 749 1513; x_wconf 83' lang='lat' dir='ltr'><strong>videtur:</strong></span> <span class='ocrx_word' id='word_1_63' title='bbox 776 1447 820 1530; x_wconf 76' lang='grc' dir='ltr'><strong>ηἐ’</strong></span> <span class='ocrx_word' id='word_1_64' title='bbox 826 1469 891 1517; x_wconf 87' lang='grc' dir='ltr'><strong>κεν</strong></span> <span class='ocrx_word' id='word_1_65' title='bbox 904 1444 1024 1518; x_wconf 72' lang='grc' dir='ltr'><strong><em>αὐτὸν</em></strong></span> <span class='ocrx_word' id='word_1_66' title='bbox 1038 1445 1198 1516; x_wconf 80' lang='grc' dir='ltr'><em>ὀλέσθαι</em></span> <span class='ocrx_word' id='word_1_67' title='bbox 1212 1445 1410 1525; x_wconf 78' lang='grc' dir='ltr'><strong><em>ε’ϋκλείως</em></strong></span> 
     </span>
     <span class='ocr_line' id='line_1_11' title="bbox 270 1554 1410 1650; baseline 0 -26"><span class='ocrx_word' id='word_1_68' title='bbox 270 1556 340 1650; x_wconf 87' lang='grc' dir='ltr'><strong>αρὸ</strong></span> <span class='ocrx_word' id='word_1_69' title='bbox 369 1554 518 1640; x_wconf 78' lang='grc' dir='ltr'><em>πόληος.</em></span> <span class='ocrx_word' id='word_1_70' title='bbox 558 1557 713 1624; x_wconf 76' lang='lat' dir='ltr'><strong>Similiter</strong></span> <span class='ocrx_word' id='word_1_71' title='bbox 741 1559 781 1624; x_wconf 88' lang='grc' dir='ltr'><strong>Π.-</strong></span> <span class='ocrx_word' id='word_1_72' title='bbox 809 1559 846 1624; x_wconf 87' lang='lat' dir='ltr'><em>K</em></span> <span class='ocrx_word' id='word_1_73' title='bbox 867 1561 932 1624; x_wconf 92' lang='grc'><strong>281</strong></span> <span class='ocrx_word' id='word_1_74' title='bbox 959 1564 992 1626; x_wconf 88' lang='lat' dir='ltr'><strong>et</strong></span> <span class='ocrx_word' id='word_1_75' title='bbox 1015 1558 1074 1625; x_wconf 91' lang='lat' dir='ltr'><strong>Od.</strong></span> <span class='ocrx_word' id='word_1_76' title='bbox 1101 1585 1130 1647; x_wconf 85' lang='grc' dir='ltr'><strong><em>φ</em></strong></span> <span class='ocrx_word' id='word_1_77' title='bbox 1157 1563 1222 1627; x_wconf 87' lang='grc'><strong>331</strong></span> <span class='ocrx_word' id='word_1_78' title='bbox 1249 1561 1410 1646; x_wconf 85' lang='lat' dir='ltr'><strong>legendum</strong></span> 
     </span>
    </p>
   </div>
   <div class='ocr_carea' id='block_1_8' title="bbox 269 1663 1411 2204">
    <p class='ocr_par' dir='ltr' id='par_1_8' title="bbox 269 1663 1411 2204">
     <span class='ocr_line' id='line_1_12' title="bbox 271 1663 1411 1758; baseline 0.001 -23"><span class='ocrx_word' id='word_1_79' title='bbox 271 1663 443 1748; x_wconf 78' lang='grc' dir='ltr'><strong><em>ἐϋκλείας</em></strong></span> <span class='ocrx_word' id='word_1_80' title='bbox 466 1692 524 1756; x_wconf 90' lang='lat' dir='ltr'><strong>pro</strong></span> <span class='ocrx_word' id='word_1_81' title='bbox 549 1667 729 1750; x_wconf 80' lang='grc' dir='ltr'><strong><em>ἐϋκλεῖας,</em></strong></span> <span class='ocrx_word' id='word_1_82' title='bbox 753 1670 791 1735; x_wconf 84' lang='grc' dir='ltr'><strong>ΙΙ.</strong></span> <span class='ocrx_word' id='word_1_83' title='bbox 824 1669 850 1737; x_wconf 90' lang='grc' dir='ltr'><em>θ</em></span> <span class='ocrx_word' id='word_1_84' title='bbox 876 1672 941 1736; x_wconf 87' lang='grc'><strong>285</strong></span> <span class='ocrx_word' id='word_1_85' title='bbox 977 1667 1137 1753; x_wconf 75' lang='grc' dir='ltr'><strong>ἐϋκλείης</strong></span> <span class='ocrx_word' id='word_1_86' title='bbox 1162 1693 1220 1758; x_wconf 90' lang='lat' dir='ltr'><strong>pro</strong></span> <span class='ocrx_word' id='word_1_87' title='bbox 1245 1665 1411 1752; x_wconf 81' lang='grc' dir='ltr'><strong><em>ἐϋκλείης,</em></strong></span> 
     </span>
     <span class='ocr_line' id='line_1_13' title="bbox 270 1775 1409 1870; baseline -0.002 -24"><span class='ocrx_word' id='word_1_88' title='bbox 270 1779 328 1847; x_wconf 87' lang='lat' dir='ltr'><strong>Od.</strong></span> <span class='ocrx_word' id='word_1_89' title='bbox 355 1783 375 1862; x_wconf 83' lang='grc' dir='ltr'><em>ξ</em></span> <span class='ocrx_word' id='word_1_90' title='bbox 400 1781 466 1847; x_wconf 87' lang='grc'><strong>462</strong></span> <span class='ocrx_word' id='word_1_91' title='bbox 493 1776 636 1862; x_wconf 84' lang='grc' dir='ltr'><strong><em>ἐϋκλείη</em></strong></span> <span class='ocrx_word' id='word_1_92' title='bbox 658 1803 716 1867; x_wconf 93' lang='lat' dir='ltr'><strong>pro</strong></span> <span class='ocrx_word' id='word_1_93' title='bbox 742 1775 894 1864; x_wconf 75' lang='grc' dir='ltr'><strong><em>ἐϋκλείη.</em></strong></span> <span class='ocrx_word' id='word_1_94' title='bbox 920 1780 978 1848; x_wconf 91' lang='lat' dir='ltr'><strong>Od.</strong></span> <span class='ocrx_word' id='word_1_95' title='bbox 1007 1783 1073 1848; x_wconf 83' lang='grc'><strong>728</strong></span> <span class='ocrx_word' id='word_1_96' title='bbox 1103 1783 1304 1870; x_wconf 78' lang='lat' dir='ltr'><strong>probaverim</strong></span> <span class='ocrx_word' id='word_1_97' title='bbox 1327 1779 1409 1846; x_wconf 89' lang='lat' dir='ltr'><strong>Nau·</strong></span> 
     </span>
     <span class='ocr_line' id='line_1_14' title="bbox 269 1873 1410 1986; baseline -0.001 -27"><span class='ocrx_word' id='word_1_98' title='bbox 269 1895 377 1959; x_wconf 86' lang='lat' dir='ltr'><strong>okium</strong></span> <span class='ocrx_word' id='word_1_99' title='bbox 405 1893 551 1960; x_wconf 76' lang='lat' dir='ltr'><strong>edentem</strong></span> <span class='ocrx_word' id='word_1_100' title='bbox 579 1888 700 1961; x_wconf 81' lang='grc' dir='ltr'><strong><em>α’κλεε”</em></strong></span> <span class='ocrx_word' id='word_1_101' title='bbox 731 1886 773 1961; x_wconf 80' lang='grc' dir='ltr'><strong>ἐκ</strong></span> <span class='ocrx_word' id='word_1_102' title='bbox 802 1892 988 1986; x_wconf 82' lang='grc' dir='ltr'><strong><em>μεγάρων,</em></strong></span> <span class='ocrx_word' id='word_1_103' title='bbox 1018 1899 1050 1960; x_wconf 91' lang='lat' dir='ltr'><strong>et</strong></span> <span class='ocrx_word' id='word_1_104' title='bbox 1080 1896 1120 1959; x_wconf 87' lang='lat' dir='ltr'><strong>ad</strong></span> <span class='ocrx_word' id='word_1_105' title='bbox 1155 1896 1216 1962; x_wconf 91' lang='lat' dir='ltr'><strong>hoc</strong></span> <span class='ocrx_word' id='word_1_106' title='bbox 1240 1873 1410 1982; x_wconf 86' lang='lat' dir='ltr'><strong>exemplum</strong></span> 
     </span>
     <span class='ocr_line' id='line_1_15' title="bbox 269 1996 1410 2096; baseline 0.001 -27"><span class='ocrx_word' id='word_1_107' title='bbox 269 2006 305 2069; x_wconf 91' lang='lat' dir='ltr'><strong>in</strong></span> <span class='ocrx_word' id='word_1_108' title='bbox 341 2004 453 2070; x_wconf 84' lang='lat' dir='ltr'><strong>Iliadis</strong></span> <span class='ocrx_word' id='word_1_109' title='bbox 488 2002 525 2070; x_wconf 89' lang='lat' dir='ltr'><em>B</em></span> <span class='ocrx_word' id='word_1_110' title='bbox 565 2005 628 2069; x_wconf 87' lang='lat'><strong>115</strong></span> <span class='ocrx_word' id='word_1_111' title='bbox 665 2035 706 2060; x_wconf 89' lang='lat'><strong>==</strong></span> <span class='ocrx_word' id='word_1_112' title='bbox 734 2007 755 2070; x_wconf 85' lang='lat' dir='ltr'><em>I</em></span> <span class='ocrx_word' id='word_1_113' title='bbox 777 2008 819 2070; x_wconf 84' lang='lat'><strong>22</strong></span> <span class='ocrx_word' id='word_1_114' title='bbox 847 2005 1036 2070; x_wconf 79' lang='lat' dir='ltr'><strong>correxerim</strong></span> <span class='ocrx_word' id='word_1_115' title='bbox 1061 1996 1254 2074; x_wconf 78' lang='grc' dir='ltr'><strong><em>δνσκλεί’</em></strong></span> <span class='ocrx_word' id='word_1_116' title='bbox 1277 2000 1410 2096; x_wconf 69' lang='grc' dir='ltr'><strong><em>’Ἄργος</em></strong></span> 
     </span>
     <span class='ocr_line' id='line_1_16' title="bbox 269 2107 735 2204; baseline 0.002 -24"><span class='ocrx_word' id='word_1_117' title='bbox 269 2117 427 2185; x_wconf 76' lang='grc' dir='ltr'><strong><em>ἱκέσθαι</em></strong></span> <span class='ocrx_word' id='word_1_118' title='bbox 449 2138 508 2204; x_wconf 89' lang='lat' dir='ltr'><strong>pro</strong></span> <span class='ocrx_word' id='word_1_119' title='bbox 533 2107 735 2184; x_wconf 78' lang='grc' dir='ltr'><strong><em>δυσκλέα.</em></strong></span> 
     </span>
    </p>
   </div>
   <div class='ocr_carea' id='block_1_9' title="bbox 314 2339 1506 2756">
    <p class='ocr_par' dir='ltr' id='par_1_9' title="bbox 317 2339 458 2406">
     <span class='ocr_line' id='line_1_17' title="bbox 317 2339 458 2406; baseline -0.014 0"><span class='ocrx_word' id='word_1_120' title='bbox 317 2339 355 2406; x_wconf 89' lang='grc' dir='ltr'><em>Ν</em></span> <span class='ocrx_word' id='word_1_121' title='bbox 378 2339 458 2404; x_wconf 85' lang='lat'>126:</span> 
     </span>
    </p>

    <p class='ocr_par' dir='ltr' id='par_1_10' title="bbox 314 2417 1506 2756">
     <span class='ocr_line' id='line_1_18' title="bbox 314 2417 1506 2540; baseline 0 -22"><span class='ocrx_word' id='word_1_122' title='bbox 314 2445 416 2535; x_wconf 76' lang='grc' dir='ltr'><strong><em>αμφὶ</em></strong></span> <span class='ocrx_word' id='word_1_123' title='bbox 462 2443 500 2514; x_wconf 75' lang='grc' dir='ltr'><strong>δ’</strong></span> <span class='ocrx_word' id='word_1_124' title='bbox 534 2445 595 2540; x_wconf 78' lang='grc' dir='ltr'><strong>ἂρ’</strong></span> <span class='ocrx_word' id='word_1_125' title='bbox 632 2449 811 2527; x_wconf 86' lang='grc' dir='ltr'><strong><em>Αίαντας</em></strong></span> <span class='ocrx_word' id='word_1_126' title='bbox 856 2439 986 2527; x_wconf 79' lang='grc' dir='ltr'><strong><em>δοιοὺς</em></strong></span> <span class='ocrx_word' id='word_1_127' title='bbox 1031 2446 1171 2532; x_wconf 87' lang='grc' dir='ltr'><strong><em>ίςαντο</em></strong></span> <span class='ocrx_word' id='word_1_128' title='bbox 1223 2443 1408 2537; x_wconf 77' lang='grc' dir='ltr'><strong><em>φάλαγγες</em></strong></span> <span class='ocrx_word' id='word_1_129' title='bbox 1505 2417 1506 2430; x_wconf 24' lang='lat' dir='ltr'><strong>l</strong></span> 
     </span>
     <span class='ocr_line' id='line_1_19' title="bbox 319 2549 1409 2652; baseline -0.009 -24"><span class='ocrx_word' id='word_1_130' title='bbox 319 2561 508 2652; x_wconf 84' lang='grc' dir='ltr'><strong><em>καρτεραί,</em></strong></span> <span class='ocrx_word' id='word_1_131' title='bbox 541 2558 589 2640; x_wconf 80' lang='grc' dir='ltr'><strong>ἃς</strong></span> <span class='ocrx_word' id='word_1_132' title='bbox 618 2555 698 2628; x_wconf 76' lang='grc' dir='ltr'><strong>οὔτ’</strong></span> <span class='ocrx_word' id='word_1_133' title='bbox 721 2556 778 2629; x_wconf 82' lang='grc' dir='ltr'><strong>ἄν</strong></span> <span class='ocrx_word' id='word_1_134' title='bbox 794 2581 867 2628; x_wconf 86' lang='grc' dir='ltr'><strong>κεν</strong></span> <span class='ocrx_word' id='word_1_135' title='bbox 888 2553 1007 2648; x_wconf 76' lang='grc' dir='ltr'><strong><em>’Ἁρης</em></strong></span> <span class='ocrx_word' id='word_1_136' title='bbox 1024 2555 1207 2629; x_wconf 82' lang='grc' dir='ltr'><strong><em>ὀνόσαιτο</em></strong></span> <span class='ocrx_word' id='word_1_137' title='bbox 1224 2549 1409 2646; x_wconf 78' lang='grc' dir='ltr'><strong><em>μετελθὼν</em></strong></span> 
     </span>
     <span class='ocr_line' id='line_1_20' title="bbox 316 2668 900 2756; baseline -0.005 -16"><span class='ocrx_word' id='word_1_138' title='bbox 316 2671 400 2740; x_wconf 84' lang='grc' dir='ltr'><strong><em>οότε</em></strong></span> <span class='ocrx_word' id='word_1_139' title='bbox 421 2675 455 2740; x_wconf 88' lang='grc' dir='ltr'><strong>κ’</strong></span> <span class='ocrx_word' id='word_1_140' title='bbox 483 2670 673 2756; x_wconf 79' lang='grc' dir='ltr'><strong><em>Ἀθηναίη</em></strong></span> <span class='ocrx_word' id='word_1_141' title='bbox 698 2668 900 2750; x_wconf 87' lang='grc' dir='ltr'><strong><em>λαοσσόος.</em></strong></span> 
     </span>
    </p>
   </div>
   <div class='ocr_carea' id='block_1_10' title="bbox 266 2833 1408 3036">
    <p class='ocr_par' dir='ltr' id='par_1_11' title="bbox 266 2833 1408 3036">
     <span class='ocr_line' id='line_1_21' title="bbox 313 2833 1406 2921; baseline -0.012 -18"><span class='ocrx_word' id='word_1_142' title='bbox 313 2838 494 2904; x_wconf 83' lang='lat' dir='ltr'><strong>Partioolao</strong></span> <span class='ocrx_word' id='word_1_143' title='bbox 518 2833 568 2906; x_wconf 81' lang='grc' dir='ltr'><strong>ἄν</strong></span> <span class='ocrx_word' id='word_1_144' title='bbox 592 2841 624 2902; x_wconf 91' lang='lat' dir='ltr'><strong>et</strong></span> <span class='ocrx_word' id='word_1_145' title='bbox 649 2859 712 2905; x_wconf 85' lang='grc' dir='ltr'><strong>κεν</strong></span> <span class='ocrx_word' id='word_1_146' title='bbox 736 2837 782 2901; x_wconf 90' lang='lat' dir='ltr'><strong>sio</strong></span> <span class='ocrx_word' id='word_1_147' title='bbox 801 2835 996 2902; x_wconf 62' lang='lat' dir='ltr'><strong>‘coniunctae</strong></span> <span class='ocrx_word' id='word_1_148' title='bbox 1020 2856 1123 2921; x_wconf 90' lang='lat' dir='ltr'><strong>neque</strong></span> <span class='ocrx_word' id='word_1_149' title='bbox 1146 2857 1207 2899; x_wconf 88' lang='lat' dir='ltr'><strong>usu</strong></span> <span class='ocrx_word' id='word_1_150' title='bbox 1237 2854 1340 2920; x_wconf 86' lang='lat' dir='ltr'><strong>neque</strong></span> <span class='ocrx_word' id='word_1_151' title='bbox 1362 2849 1406 2892; x_wconf 90' lang='lat' dir='ltr'><strong>ra·</strong></span> 
     </span>
     <span class='ocr_line' id='line_1_22' title="bbox 266 2938 1408 3036; baseline -0.005 -19"><span class='ocrx_word' id='word_1_152' title='bbox 266 2953 354 3017; x_wconf 89' lang='lat' dir='ltr'><strong>tione</strong></span> <span class='ocrx_word' id='word_1_153' title='bbox 378 2951 634 3036; x_wconf 87' lang='lat' dir='ltr'><strong>comprobantur.</strong></span> <span class='ocrx_word' id='word_1_154' title='bbox 666 2947 830 3026; x_wconf 76' lang='lat' dir='ltr'><strong>Similiter,</strong></span> <span class='ocrx_word' id='word_1_155' title='bbox 860 2948 914 3013; x_wconf 89' lang='lat' dir='ltr'><strong>sed</strong></span> <span class='ocrx_word' id='word_1_156' title='bbox 937 2947 1128 3033; x_wconf 84' lang='lat' dir='ltr'><strong>interposita</strong></span> <span class='ocrx_word' id='word_1_157' title='bbox 1152 2948 1266 3012; x_wconf 87' lang='lat' dir='ltr'><strong>vocula</strong></span> <span class='ocrx_word' id='word_1_158' title='bbox 1277 2938 1408 3033; x_wconf 62' lang='lat' dir='ltr'><strong>psale-</strong></span> 
     </span>
    </p>
   </div>
   <div class='ocr_carea' id='block_1_11' title="bbox 264 3062 1407 3584">
    <p class='ocr_par' dir='ltr' id='par_1_12' title="bbox 267 3062 772 3151">
     <span class='ocr_line' id='line_1_23' title="bbox 267 3062 772 3151; baseline -0.014 -20"><span class='ocrx_word' id='word_1_159' title='bbox 267 3066 356 3151; x_wconf 81' lang='lat' dir='ltr'><strong>gitur</strong></span> <span class='ocrx_word' id='word_1_160' title='bbox 379 3065 415 3130; x_wconf 90' lang='lat' dir='ltr'><strong>in</strong></span> <span class='ocrx_word' id='word_1_161' title='bbox 439 3062 550 3148; x_wconf 86' lang='lat' dir='ltr'><strong>Odyss.</strong></span> <span class='ocrx_word' id='word_1_162' title='bbox 578 3085 593 3128; x_wconf 91' lang='grc' dir='ltr'><strong><em>ε</em></strong></span> <span class='ocrx_word' id='word_1_163' title='bbox 619 3062 701 3126; x_wconf 83' lang='lat'>361:</span> <span class='ocrx_word' id='word_1_164' title='bbox 770 3107 772 3110; x_wconf 89' lang='lat'>-</span> 
     </span>
    </p>

    <p class='ocr_par' dir='ltr' id='par_1_13' title="bbox 264 3203 1407 3584">
     <span class='ocr_line' id='line_1_24' title="bbox 335 3203 1358 3309; baseline -0.011 -22"><span class='ocrx_word' id='word_1_165' title='bbox 335 3215 421 3309; x_wconf 76' lang='grc' dir='ltr'><strong><em>ὄφρ’</em></strong></span> <span class='ocrx_word' id='word_1_166' title='bbox 447 3215 500 3286; x_wconf 83' lang='grc' dir='ltr'><strong>όν</strong></span> <span class='ocrx_word' id='word_1_167' title='bbox 526 3217 596 3304; x_wconf 79' lang='grc' dir='ltr'><strong>μέν</strong></span> <span class='ocrx_word' id='word_1_168' title='bbox 622 3236 698 3285; x_wconf 86' lang='grc' dir='ltr'><strong>κεν</strong></span> <span class='ocrx_word' id='word_1_169' title='bbox 723 3206 878 3306; x_wconf 81' lang='grc' dir='ltr'><strong><em>δούρατ’</em></strong></span> <span class='ocrx_word' id='word_1_170' title='bbox 903 3209 944 3281; x_wconf 81' lang='grc' dir='ltr'><strong>ἐν</strong></span> <span class='ocrx_word' id='word_1_171' title='bbox 970 3203 1206 3302; x_wconf 76' lang='grc' dir='ltr'><strong><em>ἁρμονίῃσιν</em></strong></span> <span class='ocrx_word' id='word_1_172' title='bbox 1230 3209 1358 3303; x_wconf 82' lang='grc' dir='ltr'><strong><em>α’ρήρῃ,</em></strong></span> 
     </span>
     <span class='ocr_line' id='line_1_25' title="bbox 266 3362 688 3435; baseline -0.021 0"><span class='ocrx_word' id='word_1_173' title='bbox 266 3370 322 3435; x_wconf 88' lang='lat' dir='ltr'><strong>ubi</strong></span> <span class='ocrx_word' id='word_1_174' title='bbox 346 3367 513 3434; x_wconf 87' lang='lat' dir='ltr'><strong>Nauokius</strong></span> <span class='ocrx_word' id='word_1_175' title='bbox 538 3362 688 3430; x_wconf 90' lang='lat' dir='ltr'><strong>coniecit:</strong></span> 
     </span>
     <span class='ocr_line' id='line_1_26' title="bbox 264 3484 1407 3584; baseline -0.024 -16"><span class='ocrx_word' id='word_1_176' title='bbox 264 3486 331 3583; x_wconf 81' lang='grc' dir='ltr'><strong>ἧος</strong></span> <span class='ocrx_word' id='word_1_177' title='bbox 360 3499 431 3584; x_wconf 75' lang='grc' dir='ltr'><strong>μέν</strong></span> <span class='ocrx_word' id='word_1_178' title='bbox 460 3515 523 3563; x_wconf 90' lang='grc' dir='ltr'><strong>κεν</strong></span> <span class='ocrx_word' id='word_1_179' title='bbox 553 3484 706 3582; x_wconf 78' lang='grc' dir='ltr'><strong><em>δούρατ’</em></strong></span> <span class='ocrx_word' id='word_1_180' title='bbox 736 3484 823 3567; x_wconf 69' lang='lat' dir='ltr'><strong>aad,</strong></span> <span class='ocrx_word' id='word_1_181' title='bbox 859 3489 969 3554; x_wconf 87' lang='lat' dir='ltr'><strong>eadem</strong></span> <span class='ocrx_word' id='word_1_182' title='bbox 993 3510 1088 3575; x_wconf 88' lang='lat' dir='ltr'><strong>opera</strong></span> <span class='ocrx_word' id='word_1_183' title='bbox 1118 3489 1280 3573; x_wconf 83' lang='lat' dir='ltr'><strong>corrigens</strong></span> <span class='ocrx_word' id='word_1_184' title='bbox 1309 3485 1407 3548; x_wconf 89' lang='lat' dir='ltr'><strong>locum</strong></span> 
     </span>
    </p>
   </div>
   <div class='ocr_carea' id='block_1_12' title="bbox 264 3585 1405 3801">
    <p class='ocr_par' dir='ltr' id='par_1_14' title="bbox 264 3585 1405 3801">
     <span class='ocr_line' id='line_1_27' title="bbox 266 3585 1405 3693; baseline -0.018 -17"><span class='ocrx_word' id='word_1_185' title='bbox 266 3609 287 3693; x_wconf 86' lang='grc' dir='ltr'>ζ</span> <span class='ocrx_word' id='word_1_186' title='bbox 309 3610 388 3687; x_wconf 85' lang='grc'>259,</span> <span class='ocrx_word' id='word_1_187' title='bbox 413 3609 467 3673; x_wconf 90' lang='lat' dir='ltr'><strong>sed</strong></span> <span class='ocrx_word' id='word_1_188' title='bbox 491 3606 639 3670; x_wconf 81' lang='lat' dir='ltr'><strong>rnedelom</strong></span> <span class='ocrx_word' id='word_1_189' title='bbox 664 3603 840 3666; x_wconf 75' lang='lat' dir='ltr'><strong>desiderans</strong></span> <span class='ocrx_word' id='word_1_190' title='bbox 863 3601 959 3665; x_wconf 89' lang='lat' dir='ltr'><strong>tertio</strong></span> <span class='ocrx_word' id='word_1_191' title='bbox 982 3601 1053 3665; x_wconf 92' lang='lat' dir='ltr'><strong>loco</strong></span> <span class='ocrx_word' id='word_1_192' title='bbox 1076 3599 1134 3685; x_wconf 87' lang='lat' dir='ltr'><strong>qui</strong></span> <span class='ocrx_word' id='word_1_193' title='bbox 1157 3603 1206 3664; x_wconf 90' lang='lat' dir='ltr'><strong>est</strong></span> <span class='ocrx_word' id='word_1_194' title='bbox 1230 3597 1288 3664; x_wconf 92' lang='lat' dir='ltr'><strong>Od.</strong></span> <span class='ocrx_word' id='word_1_195' title='bbox 1306 3618 1318 3660; x_wconf 97' lang='grc' dir='ltr'><strong><em>ι</em></strong></span> <span class='ocrx_word' id='word_1_196' title='bbox 1334 3585 1405 3656; x_wconf 69' lang='grc'><strong>334·</strong></span> 
     </span>
     <span class='ocr_line' id='line_1_28' title="bbox 264 3711 1288 3801; baseline -0.012 -15"><span class='ocrx_word' id='word_1_197' title='bbox 264 3722 359 3786; x_wconf 88' lang='lat' dir='ltr'><strong>Lenis</strong></span> <span class='ocrx_word' id='word_1_198' title='bbox 383 3719 541 3784; x_wconf 89' lang='lat' dir='ltr'><strong>medicina</strong></span> <span class='ocrx_word' id='word_1_199' title='bbox 564 3720 677 3801; x_wconf 86' lang='lat' dir='ltr'><strong>parata</strong></span> <span class='ocrx_word' id='word_1_200' title='bbox 700 3717 750 3779; x_wconf 87' lang='lat' dir='ltr'><strong>est</strong></span> <span class='ocrx_word' id='word_1_201' title='bbox 772 3713 843 3777; x_wconf 90' lang='lat' dir='ltr'><strong>loco</strong></span> <span class='ocrx_word' id='word_1_202' title='bbox 867 3716 987 3793; x_wconf 91' lang='lat' dir='ltr'><strong>nostro,</strong></span> <span class='ocrx_word' id='word_1_203' title='bbox 1013 3713 1069 3776; x_wconf 87' lang='lat' dir='ltr'><strong>ubi</strong></span> <span class='ocrx_word' id='word_1_204' title='bbox 1093 3711 1288 3796; x_wconf 82' lang='lat' dir='ltr'><strong>scripserim:</strong></span> 
     </span>
    </p>
   </div>
   <div class='ocr_carea' id='block_1_13' title="bbox 262 3845 1501 4492">
    <p class='ocr_par' dir='ltr' id='par_1_15' title="bbox 262 3845 1501 4492">
     <span class='ocr_line' id='line_1_29' title="bbox 335 3845 1341 3952; baseline -0.02 -21"><span class='ocrx_word' id='word_1_205' title='bbox 335 3862 383 3944; x_wconf 81' lang='grc' dir='ltr'><strong>ἃς</strong></span> <span class='ocrx_word' id='word_1_206' title='bbox 407 3861 486 3932; x_wconf 74' lang='grc' dir='ltr'><strong>οὔτ’</strong></span> <span class='ocrx_word' id='word_1_207' title='bbox 512 3858 567 3952; x_wconf 81' lang='grc' dir='ltr'><strong>όὲρ</strong></span> <span class='ocrx_word' id='word_1_208' title='bbox 591 3881 665 3929; x_wconf 88' lang='grc' dir='ltr'><strong>κεν</strong></span> <span class='ocrx_word' id='word_1_209' title='bbox 693 3855 816 3947; x_wconf 88' lang='grc' dir='ltr'><strong><em>”Αρης</em></strong></span> <span class='ocrx_word' id='word_1_210' title='bbox 839 3855 1022 3927; x_wconf 87' lang='grc' dir='ltr'><strong><em>ὀνόσαιτο</em></strong></span> <span class='ocrx_word' id='word_1_211' title='bbox 1045 3850 1241 3943; x_wconf 75' lang='grc' dir='ltr'><strong><em>μετελθὼν</em></strong></span> <span class='ocrx_word' id='word_1_212' title='bbox 1265 3845 1341 3922; x_wconf 90' lang='grc' dir='ltr'><strong><em>κτλ.</em></strong></span> 
     </span>
     <span class='ocr_line' id='line_1_30' title="bbox 263 3987 1501 4102; baseline -0.015 -22"><span class='ocrx_word' id='word_1_213' title='bbox 263 4022 299 4081; x_wconf 87' lang='lat' dir='ltr'><strong>ut</strong></span> <span class='ocrx_word' id='word_1_214' title='bbox 329 4014 512 4102; x_wconf 81' lang='lat' dir='ltr'><strong>saepissime</strong></span> <span class='ocrx_word' id='word_1_215' title='bbox 539 4010 698 4097; x_wconf 87' lang='lat' dir='ltr'><strong>particula</strong></span> <span class='ocrx_word' id='word_1_216' title='bbox 727 4005 804 4098; x_wconf 80' lang='grc' dir='ltr'><strong><em>όέρα</em></strong></span> <span class='ocrx_word' id='word_1_217' title='bbox 835 4012 891 4073; x_wconf 89' lang='lat' dir='ltr'><strong>aut</strong></span> <span class='ocrx_word' id='word_1_218' title='bbox 920 4008 1019 4093; x_wconf 90' lang='lat' dir='ltr'><strong>priori</strong></span> <span class='ocrx_word' id='word_1_219' title='bbox 1048 4009 1105 4070; x_wconf 88' lang='lat' dir='ltr'><strong>aut</strong></span> <span class='ocrx_word' id='word_1_220' title='bbox 1137 4001 1305 4090; x_wconf 87' lang='lat' dir='ltr'><strong>posteriori</strong></span> <span class='ocrx_word' id='word_1_221' title='bbox 1328 3987 1408 4062; x_wconf 66' lang='grc' dir='ltr'><strong>06τέ</strong></span> <span class='ocrx_word' id='word_1_222' title='bbox 1500 4017 1501 4093; x_wconf 64' lang='grc' dir='ltr'><strong><em>ρ</em></strong></span> 
     </span>
     <span class='ocr_line' id='line_1_31' title="bbox 262 4097 1407 4214; baseline -0.022 -21"><span class='ocrx_word' id='word_1_223' title='bbox 262 4151 286 4192; x_wconf 87' lang='lat' dir='ltr'><strong>s.</strong></span> <span class='ocrx_word' id='word_1_224' title='bbox 312 4098 405 4214; x_wconf 74' lang='grc' dir='ltr'><strong><em>μήτε</em></strong></span> <span class='ocrx_word' id='word_1_225' title='bbox 430 4129 486 4188; x_wconf 89' lang='lat' dir='ltr'><strong>aut</strong></span> <span class='ocrx_word' id='word_1_226' title='bbox 509 4123 638 4206; x_wconf 89' lang='lat' dir='ltr'><strong>utrique</strong></span> <span class='ocrx_word' id='word_1_227' title='bbox 662 4119 850 4204; x_wconf 82' lang='lat' dir='ltr'><strong>adiungitur</strong></span> <span class='ocrx_word' id='word_1_228' title='bbox 873 4140 892 4182; x_wconf 90' lang='lat' dir='ltr'><strong>a</strong></span> <span class='ocrx_word' id='word_1_229' title='bbox 916 4123 1010 4204; x_wconf 85' lang='lat' dir='ltr'><strong>poeta</strong></span> <span class='ocrx_word' id='word_1_230' title='bbox 1033 4140 1062 4181; x_wconf 87' lang='lat' dir='ltr'><strong>v.</strong></span> <span class='ocrx_word' id='word_1_231' title='bbox 1079 4138 1104 4181; x_wconf 90' lang='lat' dir='ltr'><strong>o.</strong></span> <span class='ocrx_word' id='word_1_232' title='bbox 1119 4116 1155 4181; x_wconf 89' lang='lat' dir='ltr'><strong>in</strong></span> <span class='ocrx_word' id='word_1_233' title='bbox 1166 4119 1244 4180; x_wconf 89' lang='lat' dir='ltr'><strong>noto</strong></span> <span class='ocrx_word' id='word_1_234' title='bbox 1256 4097 1407 4179; x_wconf 77' lang='lat' dir='ltr'><strong>versiculo</strong></span> 
     </span>
     <span class='ocr_line' id='line_1_32' title="bbox 279 4232 1407 4362; baseline -0.011 -21"><span class='ocrx_word' id='word_1_235' title='bbox 279 4267 360 4342; x_wconf 74' lang='grc' dir='ltr'><strong><em>οὔτ’</em></strong></span> <span class='ocrx_word' id='word_1_236' title='bbox 384 4266 444 4362; x_wconf 81' lang='grc' dir='ltr'><strong>ἄρ’</strong></span> <span class='ocrx_word' id='word_1_237' title='bbox 470 4265 500 4335; x_wconf 80' lang='grc' dir='ltr'><strong><em>ό</em></strong></span> <span class='ocrx_word' id='word_1_238' title='bbox 515 4268 550 4359; x_wconf 78' lang='grc' dir='ltr'><strong>γ’</strong></span> <span class='ocrx_word' id='word_1_239' title='bbox 574 4262 745 4356; x_wconf 74' lang='grc' dir='ltr'><strong><em>εὐχωλῆς</em></strong></span> <span class='ocrx_word' id='word_1_240' title='bbox 771 4260 1027 4352; x_wconf 77' lang='grc' dir='ltr'><strong><em>ἐπιμέμφεται</em></strong></span> <span class='ocrx_word' id='word_1_241' title='bbox 1061 4258 1150 4328; x_wconf 73' lang='grc' dir='ltr'><strong>οὔθ’</strong></span> <span class='ocrx_word' id='word_1_242' title='bbox 1176 4232 1407 4344; x_wconf 72' lang='grc' dir='ltr'><strong><em>ἑκατόμβϋέλ</em></strong></span> 
     </span>
     <span class='ocr_line' id='line_1_33' title="bbox 262 4384 1403 4492; baseline -0.025 -8"><span class='ocrx_word' id='word_1_243' title='bbox 262 4418 300 4486; x_wconf 88' lang='grc' dir='ltr'><strong>Π.</strong></span> <span class='ocrx_word' id='word_1_244' title='bbox 337 4415 374 4481; x_wconf 88' lang='grc' dir='ltr'><em>Α</em></span> <span class='ocrx_word' id='word_1_245' title='bbox 409 4415 464 4492; x_wconf 85' lang='grc'><strong>93,</strong></span> <span class='ocrx_word' id='word_1_246' title='bbox 501 4411 548 4478; x_wconf 74' lang='lat' dir='ltr'><strong>Of.</strong></span> <span class='ocrx_word' id='word_1_247' title='bbox 583 4405 615 4480; x_wconf 92' lang='lat' dir='ltr'><strong><em>O</em></strong></span> <span class='ocrx_word' id='word_1_248' title='bbox 647 4411 701 4488; x_wconf 83' lang='lat'><strong>72,</strong></span> <span class='ocrx_word' id='word_1_249' title='bbox 731 4407 789 4474; x_wconf 91' lang='lat' dir='ltr'><strong>Od.</strong></span> <span class='ocrx_word' id='word_1_250' title='bbox 818 4399 842 4474; x_wconf 93' lang='grc' dir='ltr'><strong><em>δ</em></strong></span> <span class='ocrx_word' id='word_1_251' title='bbox 867 4408 945 4487; x_wconf 87' lang='grc'>665,</span> <span class='ocrx_word' id='word_1_252' title='bbox 971 4430 993 4474; x_wconf 89' lang='grc' dir='ltr'><strong><em>ν</em></strong></span> <span class='ocrx_word' id='word_1_253' title='bbox 1020 4407 1098 4485; x_wconf 83' lang='grc'>207,</span> <span class='ocrx_word' id='word_1_254' title='bbox 1125 4407 1145 4486; x_wconf 88' lang='grc' dir='ltr'><em>ξ</em></span> <span class='ocrx_word' id='word_1_255' title='bbox 1171 4406 1249 4482; x_wconf 89' lang='grc'>166,</span> <span class='ocrx_word' id='word_1_256' title='bbox 1276 4418 1305 4487; x_wconf 70' lang='lat' dir='ltr'><strong>pr</strong></span> <span class='ocrx_word' id='word_1_257' title='bbox 1331 4384 1403 4458; x_wconf 70' lang='grc'><strong>174,</strong></span> 
     </span>
    </p>
   </div>
   <div class='ocr_carea' id='block_1_14' title="bbox 261 4519 1403 4745">
    <p class='ocr_par' dir='ltr' id='par_1_16' title="bbox 261 4519 1499 4745">
     <span class='ocr_line' id='line_1_34' title="bbox 261 4519 1403 4623; baseline -0.025 -9"><span class='ocrx_word' id='word_1_258' title='bbox 261 4548 299 4613; x_wconf 92' lang='lat' dir='ltr'><strong>Il.</strong></span> <span class='ocrx_word' id='word_1_259' title='bbox 330 4543 362 4616; x_wconf 82' lang='lat' dir='ltr'><strong><em>O</em></strong></span> <span class='ocrx_word' id='word_1_260' title='bbox 388 4546 466 4623; x_wconf 87' lang='grc'>564,</span> <span class='ocrx_word' id='word_1_261' title='bbox 491 4540 530 4608; x_wconf 87' lang='lat' dir='ltr'><em>H</em></span> <span class='ocrx_word' id='word_1_262' title='bbox 553 4543 619 4607; x_wconf 89' lang='grc'><strong>433</strong></span> <span class='ocrx_word' id='word_1_263' title='bbox 645 4544 719 4606; x_wconf 87' lang='lat' dir='ltr'><strong>cett.</strong></span> <span class='ocrx_word' id='word_1_264' title='bbox 745 4539 828 4604; x_wconf 88' lang='lat' dir='ltr'><strong>Loco</strong></span> <span class='ocrx_word' id='word_1_265' title='bbox 854 4537 911 4602; x_wconf 89' lang='lat' dir='ltr'><strong>Od.</strong></span> <span class='ocrx_word' id='word_1_266' title='bbox 939 4564 953 4602; x_wconf 92' lang='grc' dir='ltr'><strong><em>ι</em></strong></span> <span class='ocrx_word' id='word_1_267' title='bbox 980 4538 1046 4603; x_wconf 92' lang='grc'><strong>334</strong></span> <span class='ocrx_word' id='word_1_268' title='bbox 1071 4558 1182 4602; x_wconf 85' lang='lat' dir='ltr'><strong>verum</strong></span> <span class='ocrx_word' id='word_1_269' title='bbox 1205 4556 1272 4600; x_wconf 87' lang='lat' dir='ltr'><strong>esse</strong></span> <span class='ocrx_word' id='word_1_270' title='bbox 1287 4519 1403 4613; x_wconf 65' lang='lat' dir='ltr'><strong>potest=</strong></span> 
     </span>
     <span class='ocr_line' id='line_1_35' title="bbox 263 4631 1393 4745; baseline -0.023 -16"><span class='ocrx_word' id='word_1_271' title='bbox 263 4652 303 4726; x_wconf 72' lang='lat' dir='ltr'><strong>oi</strong></span> <span class='ocrx_word' id='word_1_272' title='bbox 325 4651 361 4726; x_wconf 83' lang='grc' dir='ltr'><strong>δ’</strong></span> <span class='ocrx_word' id='word_1_273' title='bbox 386 4655 530 4745; x_wconf 76' lang='grc' dir='ltr'><strong><em>ε’λαχον</em></strong></span> <span class='ocrx_word' id='word_1_274' title='bbox 557 4648 744 4741; x_wconf 86' lang='grc' dir='ltr'><strong><em>τοόσιτερ</em></strong></span> <span class='ocrx_word' id='word_1_275' title='bbox 768 4670 806 4717; x_wconf 85' lang='grc' dir='ltr'><strong>κε</strong></span> <span class='ocrx_word' id='word_1_276' title='bbox 831 4645 900 4715; x_wconf 84' lang='grc' dir='ltr'><strong>καί</strong></span> <span class='ocrx_word' id='word_1_277' title='bbox 924 4643 1062 4732; x_wconf 79' lang='grc' dir='ltr'><strong><em>ἠθελον</em></strong></span> <span class='ocrx_word' id='word_1_278' title='bbox 1088 4643 1208 4731; x_wconf 73' lang='grc' dir='ltr'><strong><em>αὐτὸς</em></strong></span> <span class='ocrx_word' id='word_1_279' title='bbox 1233 4631 1393 4710; x_wconf 59' lang='lat' dir='ltr'><strong>essedae</strong></span> 
     </span>
    </p>
   </div>
   <div class='ocr_carea' id='block_1_15' title="bbox 0 0 1532 5312">
    <p class='ocr_par' dir='ltr' id='par_1_17' title="bbox 0 0 1532 5312">
     <span class='ocr_line' id='line_1_36' title="bbox 0 0 1532 5312; baseline 0 4"><span class='ocrx_word' id='word_1_280' title='bbox 0 0 1532 5312; x_wconf 95' lang='lat' dir='ltr'><strong> </strong></span> 
     </span>
    </p>
   </div>
  </div>
 </body>
</html>
