<?xml version="1.0" encoding="UTF-8"?>
<!DOCTYPE html PUBLIC "-//W3C//DTD XHTML 1.0 Transitional//EN"
    "http://www.w3.org/TR/xhtml1/DTD/xhtml1-transitional.dtd">
<html xmlns="http://www.w3.org/1999/xhtml" xml:lang="en" lang="en">
 <head>
  <title>
</title>
<meta http-equiv="Content-Type" content="text/html;charset=utf-8" />
  <meta name='ocr-system' content='tesseract 3.04.00' />
  <meta name='ocr-capabilities' content='ocr_page ocr_carea ocr_par ocr_line ocrx_word'/>
</head>
<body>
  <div class='ocr_page' id='page_1' title='image "./quaestiunculaee00herwgoog_0050.png"; bbox 0 0 3054 5312; ppageno 0'>
   <div class='ocr_carea' id='block_1_1' title="bbox 661 271 781 362">
    <p class='ocr_par' dir='ltr' id='par_1_1' title="bbox 661 271 781 362">
     <span class='ocr_line' id='line_1_1' title="bbox 661 271 781 362; baseline 0 0"><span class='ocrx_word' id='word_1_1' title='bbox 661 271 781 362; x_wconf 84' lang='lat'><strong>(37)</strong></span> 
     </span>
    </p>
   </div>
   <div class='ocr_carea' id='block_1_2' title="bbox 192 429 859 553">
    <p class='ocr_par' dir='ltr' id='par_1_2' title="bbox 192 429 859 553">
     <span class='ocr_line' id='line_1_2' title="bbox 192 429 859 553; baseline 0.004 -25"><span class='ocrx_word' id='word_1_2' title='bbox 192 463 313 549; x_wconf 87' lang='lat' dir='ltr'>Iupiter</span> <span class='ocrx_word' id='word_1_3' title='bbox 336 489 382 531; x_wconf 82' lang='lat' dir='ltr'>vs.</span> <span class='ocrx_word' id='word_1_4' title='bbox 399 429 452 531; x_wconf 32' lang='lat'>‘65</span> <span class='ocrx_word' id='word_1_5' title='bbox 478 489 546 553; x_wconf 89' lang='lat' dir='ltr'>sqq.</span> <span class='ocrx_word' id='word_1_6' title='bbox 573 467 652 532; x_wconf 88' lang='lat' dir='ltr'>haec</span> <span class='ocrx_word' id='word_1_7' title='bbox 674 466 859 552; x_wconf 88' lang='lat' dir='ltr'>respondet:</span> 
     </span>
    </p>
   </div>
   <div class='ocr_carea' id='block_1_3' title="bbox 114 585 1287 1498">
    <p class='ocr_par' dir='ltr' id='par_1_3' title="bbox 165 585 1113 684">
     <span class='ocr_line' id='line_1_3' title="bbox 165 585 1113 684; baseline 0.006 -26"><span class='ocrx_word' id='word_1_8' title='bbox 165 585 270 684; x_wconf 81' lang='grc' dir='ltr'><em>Ἥρη,</em></span> <span class='ocrx_word' id='word_1_9' title='bbox 294 594 347 682; x_wconf 83' lang='grc' dir='ltr'>μὴ</span> <span class='ocrx_word' id='word_1_10' title='bbox 372 585 418 680; x_wconf 85' lang='grc' dir='ltr'>δὴ</span> <span class='ocrx_word' id='word_1_11' title='bbox 441 591 605 681; x_wconf 82' lang='grc' dir='ltr'><em>πῶμτιαν</em></span> <span class='ocrx_word' id='word_1_12' title='bbox 630 585 922 682; x_wconf 69' lang='grc' dir='ltr'><em>ἀποσκύδμαινε</em></span> <span class='ocrx_word' id='word_1_13' title='bbox 949 595 1113 664; x_wconf 74' lang='grc' dir='ltr'><em>θεοῖσιν·</em></span> 
     </span>
    </p>

    <p class='ocr_par' dir='ltr' id='par_1_4' title="bbox 168 697 1276 799">
     <span class='ocr_line' id='line_1_4' title="bbox 168 697 1276 799; baseline 0.002 -29"><span class='ocrx_word' id='word_1_14' title='bbox 168 700 215 770; x_wconf 80' lang='lat' dir='ltr'>oa&#39;</span> <span class='ocrx_word' id='word_1_15' title='bbox 236 703 314 792; x_wconf 81' lang='grc' dir='ltr'>μὴν</span> <span class='ocrx_word' id='word_1_16' title='bbox 339 702 422 798; x_wconf 75' lang='grc' dir='ltr'><em>γοὶρ</em></span> <span class='ocrx_word' id='word_1_17' title='bbox 447 707 540 795; x_wconf 80' lang='grc' dir='ltr'><em>τιμή</em></span> <span class='ocrx_word' id='word_1_18' title='bbox 565 729 611 799; x_wconf 76' lang='grc' dir='ltr'>γε</span> <span class='ocrx_word' id='word_1_19' title='bbox 634 705 701 795; x_wconf 76' lang='grc' dir='ltr'>μί’</span> <span class='ocrx_word' id='word_1_20' title='bbox 726 697 890 788; x_wconf 80' lang='grc' dir='ltr'><em>ἔσσεται,</em></span> <span class='ocrx_word' id='word_1_21' title='bbox 915 700 1012 772; x_wconf 68' lang='grc' dir='ltr'><em>ἄλλα</em></span> <span class='ocrx_word' id='word_1_22' title='bbox 1036 703 1105 773; x_wconf 77' lang='grc' dir='ltr'><em>καὶ</em></span> <span class='ocrx_word' id='word_1_23' title='bbox 1130 700 1276 799; x_wconf 83' lang='grc' dir='ltr'><strong><em>Ἕκτωρ</em></strong></span> 
     </span>
    </p>

    <p class='ocr_par' dir='ltr' id='par_1_5' title="bbox 168 811 1140 910">
     <span class='ocr_line' id='line_1_5' title="bbox 168 811 1140 910; baseline 0.004 -29"><span class='ocrx_word' id='word_1_24' title='bbox 168 811 356 902; x_wconf 80' lang='grc' dir='ltr'><em>φιλτατος</em></span> <span class='ocrx_word' id='word_1_25' title='bbox 381 814 464 886; x_wconf 78' lang='grc' dir='ltr'><em>ἔσκε</em></span> <span class='ocrx_word' id='word_1_26' title='bbox 491 819 617 885; x_wconf 75' lang='grc' dir='ltr'><em>θεοῖσι</em></span> <span class='ocrx_word' id='word_1_27' title='bbox 639 812 797 910; x_wconf 89' lang='grc' dir='ltr'><em>βροτῶν</em></span> <span class='ocrx_word' id='word_1_28' title='bbox 821 811 862 884; x_wconf 80' lang='grc' dir='ltr'>οἲ</span> <span class='ocrx_word' id='word_1_29' title='bbox 886 812 1003 910; x_wconf 59' lang='lat' dir='ltr'>fatte&gt;</span> <span class='ocrx_word' id='word_1_30' title='bbox 1027 813 1140 886; x_wconf 84' lang='grc' dir='ltr'><em>εἰσίν·</em></span> 
     </span>
    </p>

    <p class='ocr_par' dir='ltr' id='par_1_6' title="bbox 166 909 1254 1021">
     <span class='ocr_line' id='line_1_6' title="bbox 166 909 1254 1021; baseline 0.003 -28"><span class='ocrx_word' id='word_1_31' title='bbox 166 909 218 1006; x_wconf 81' lang='grc' dir='ltr'>ῶς</span> <span class='ocrx_word' id='word_1_32' title='bbox 242 925 325 1020; x_wconf 76' lang='grc' dir='ltr'>γάρ</span> <span class='ocrx_word' id='word_1_33' title='bbox 350 927 442 1017; x_wconf 82' lang='grc' dir='ltr'><em>ἐμοί</em></span> <span class='ocrx_word' id='word_1_34' title='bbox 462 931 508 1021; x_wconf 80' lang='grc' dir='ltr'>γ’,</span> <span class='ocrx_word' id='word_1_35' title='bbox 535 925 614 997; x_wconf 82' lang='grc' dir='ltr'><em>ἐπεὶ</em></span> <span class='ocrx_word' id='word_1_36' title='bbox 638 927 722 998; x_wconf 74' lang='grc' dir='ltr'><em>οὔτι</em></span> <span class='ocrx_word' id='word_1_37' title='bbox 749 924 872 1016; x_wconf 84' lang='grc' dir='ltr'><em>φίλων</em></span> <span class='ocrx_word' id='word_1_38' title='bbox 895 925 1087 1020; x_wconf 76' lang='grc' dir='ltr'><em>ἡμάρτανε</em></span> <span class='ocrx_word' id='word_1_39' title='bbox 1112 920 1254 1021; x_wconf 86' lang='grc' dir='ltr'><em>δώρων,</em></span> 
     </span>
    </p>

    <p class='ocr_par' dir='ltr' id='par_1_7' title="bbox 166 1031 1191 1131">
     <span class='ocr_line' id='line_1_7' title="bbox 166 1031 1191 1131; baseline 0.004 -27"><span class='ocrx_word' id='word_1_40' title='bbox 166 1033 213 1104; x_wconf 75' lang='grc' dir='ltr'>ου’</span> <span class='ocrx_word' id='word_1_41' title='bbox 236 1037 319 1131; x_wconf 80' lang='grc' dir='ltr'>γάρ</span> <span class='ocrx_word' id='word_1_42' title='bbox 342 1039 526 1128; x_wconf 41' lang='grc' dir='ltr'><em>μοι’,ποτε</em></span> <span class='ocrx_word' id='word_1_43' title='bbox 550 1034 686 1129; x_wconf 80' lang='grc' dir='ltr'><em>βῶμος</em></span> <span class='ocrx_word' id='word_1_44' title='bbox 712 1031 858 1108; x_wconf 75' lang='grc' dir='ltr'><em>ἐδεύετο</em></span> <span class='ocrx_word' id='word_1_45' title='bbox 884 1032 1021 1119; x_wconf 76' lang='grc' dir='ltr'><em>δαιτὸς</em></span> <span class='ocrx_word' id='word_1_46' title='bbox 1047 1038 1191 1123; x_wconf 75' lang='grc' dir='ltr'><em>ἐείσης,</em></span> 
     </span>
    </p>

    <p class='ocr_par' dir='ltr' id='par_1_8' title="bbox 165 1146 1252 1243">
     <span class='ocr_line' id='line_1_8' title="bbox 165 1146 1252 1243; baseline 0.005 -27"><span class='ocrx_word' id='word_1_47' title='bbox 165 1146 304 1236; x_wconf 81' lang='grc' dir='ltr'><em>λοιβῆς</em></span> <span class='ocrx_word' id='word_1_48' title='bbox 328 1175 365 1218; x_wconf 90' lang='grc' dir='ltr'><em>τε</em></span> <span class='ocrx_word' id='word_1_49' title='bbox 390 1153 525 1234; x_wconf 81' lang='grc' dir='ltr'><em>κνίσης</em></span> <span class='ocrx_word' id='word_1_50' title='bbox 549 1174 595 1218; x_wconf 88' lang='grc' dir='ltr'><em>τε·</em></span> <span class='ocrx_word' id='word_1_51' title='bbox 623 1147 667 1218; x_wconf 91' lang='grc' dir='ltr'><em>τὸ</em></span> <span class='ocrx_word' id='word_1_52' title='bbox 690 1147 774 1243; x_wconf 75' lang='grc' dir='ltr'>γάρ</span> <span class='ocrx_word' id='word_1_53' title='bbox 797 1147 972 1242; x_wconf 76' lang='grc' dir='ltr'><em>λάχομεν</em></span> <span class='ocrx_word' id='word_1_54' title='bbox 997 1152 1110 1243; x_wconf 73' lang='grc' dir='ltr'><em>γέρας</em></span> <span class='ocrx_word' id='word_1_55' title='bbox 1134 1151 1252 1241; x_wconf 77' lang='grc' dir='ltr'><em>ἡμεῖς.</em></span> 
     </span>
    </p>

    <p class='ocr_par' dir='ltr' id='par_1_9' title="bbox 114 1295 1287 1498">
     <span class='ocr_line' id='line_1_9' title="bbox 186 1295 1286 1383; baseline 0.004 -21"><span class='ocrx_word' id='word_1_56' title='bbox 186 1295 345 1362; x_wconf 76' lang='lat' dir='ltr'>Constans</span> <span class='ocrx_word' id='word_1_57' title='bbox 378 1297 510 1364; x_wconf 84' lang='lat' dir='ltr'>Homeri</span> <span class='ocrx_word' id='word_1_58' title='bbox 545 1299 580 1363; x_wconf 93' lang='lat' dir='ltr'>in</span> <span class='ocrx_word' id='word_1_59' title='bbox 604 1298 763 1383; x_wconf 82' lang='lat' dir='ltr'>responsis</span> <span class='ocrx_word' id='word_1_60' title='bbox 788 1298 982 1364; x_wconf 88' lang='lat' dir='ltr'>consuetudo</span> <span class='ocrx_word' id='word_1_61' title='bbox 1005 1299 1168 1383; x_wconf 83' lang='lat' dir='ltr'>repetendi</span> <span class='ocrx_word' id='word_1_62' title='bbox 1191 1321 1286 1366; x_wconf 81' lang='lat' dir='ltr'>voca·</span> 
     </span>
     <span class='ocr_line' id='line_1_10' title="bbox 114 1408 1287 1498; baseline 0.002 -24"><span class='ocrx_word' id='word_1_63' title='bbox 114 1493 116 1498; x_wconf 69' lang='lat'><em>,</em></span> <span class='ocrx_word' id='word_1_64' title='bbox 142 1410 218 1474; x_wconf 90' lang='lat' dir='ltr'>bula</span> <span class='ocrx_word' id='word_1_65' title='bbox 241 1410 412 1495; x_wconf 88' lang='lat' dir='ltr'>praecipua</span> <span class='ocrx_word' id='word_1_66' title='bbox 436 1433 474 1476; x_wconf 87' lang='lat' dir='ltr'>ex</span> <span class='ocrx_word' id='word_1_67' title='bbox 499 1410 630 1476; x_wconf 83' lang='lat' dir='ltr'>alterius</span> <span class='ocrx_word' id='word_1_68' title='bbox 655 1409 799 1476; x_wconf 89' lang='lat' dir='ltr'>oratione</span> <span class='ocrx_word' id='word_1_69' title='bbox 823 1431 889 1475; x_wconf 90' lang='lat' dir='ltr'>non</span> <span class='ocrx_word' id='word_1_70' title='bbox 901 1409 967 1474; x_wconf 86' lang='lat' dir='ltr'>fere</span> <span class='ocrx_word' id='word_1_71' title='bbox 979 1408 1058 1473; x_wconf 91' lang='lat' dir='ltr'>sinit</span> <span class='ocrx_word' id='word_1_72' title='bbox 1069 1430 1127 1474; x_wconf 86' lang='lat' dir='ltr'>nos</span> <span class='ocrx_word' id='word_1_73' title='bbox 1140 1409 1287 1476; x_wconf 90' lang='lat' dir='ltr'>dubitare</span> 
     </span>
    </p>
   </div>
   <div class='ocr_carea' id='block_1_4' title="bbox 140 1517 1289 1700">
    <p class='ocr_par' dir='ltr' id='par_1_10' title="bbox 140 1517 1289 1700">
     <span class='ocr_line' id='line_1_11' title="bbox 140 1517 1289 1608; baseline 0.003 -22"><span class='ocrx_word' id='word_1_74' title='bbox 140 1521 219 1606; x_wconf 91' lang='lat' dir='ltr'>quin</span> <span class='ocrx_word' id='word_1_75' title='bbox 249 1521 280 1585; x_wconf 92' lang='lat' dir='ltr'>h.</span> <span class='ocrx_word' id='word_1_76' title='bbox 319 1522 340 1586; x_wconf 90' lang='lat' dir='ltr'>l.</span> <span class='ocrx_word' id='word_1_77' title='bbox 375 1517 511 1588; x_wconf 79' lang='grc' dir='ltr'><em>ΓΘΜΙ</em></span> <span class='ocrx_word' id='word_1_78' title='bbox 530 1544 632 1608; x_wconf 87' lang='lat' dir='ltr'>prono</span> <span class='ocrx_word' id='word_1_79' title='bbox 655 1543 761 1588; x_wconf 88' lang='lat' dir='ltr'>errore</span> <span class='ocrx_word' id='word_1_80' title='bbox 785 1525 973 1606; x_wconf 91' lang='lat' dir='ltr'>corruptum</span> <span class='ocrx_word' id='word_1_81' title='bbox 997 1521 1041 1586; x_wconf 86' lang='lat' dir='ltr'>sit</span> <span class='ocrx_word' id='word_1_82' title='bbox 1065 1543 1104 1586; x_wconf 84' lang='lat' dir='ltr'>ex</span> <span class='ocrx_word' id='word_1_83' title='bbox 1129 1519 1165 1588; x_wconf 87' lang='grc' dir='ltr'>Γ</span> <span class='ocrx_word' id='word_1_84' title='bbox 1169 1518 1289 1590; x_wconf 82' lang='grc' dir='ltr'>ΟΜΗ</span> 
     </span>
     <span class='ocr_line' id='line_1_12' title="bbox 144 1633 588 1700; baseline 0.002 -1"><span class='ocrx_word' id='word_1_85' title='bbox 144 1637 173 1700; x_wconf 89' lang='lat' dir='ltr'>et</span> <span class='ocrx_word' id='word_1_86' title='bbox 196 1653 243 1698; x_wconf 83' lang='lat' dir='ltr'>vs.</span> <span class='ocrx_word' id='word_1_87' title='bbox 272 1633 315 1696; x_wconf 87' lang='grc'>66</span> <span class='ocrx_word' id='word_1_88' title='bbox 339 1634 588 1700; x_wconf 89' lang='lat' dir='ltr'>restituendum:</span> 
     </span>
    </p>
   </div>
   <div class='ocr_carea' id='block_1_5' title="bbox 185 1772 1287 2016">
    <p class='ocr_par' dir='ltr' id='par_1_11' title="bbox 185 1772 1287 2016">
     <span class='ocr_line' id='line_1_13' title="bbox 319 1772 1104 1870; baseline -0.001 -26"><span class='ocrx_word' id='word_1_89' title='bbox 319 1774 364 1844; x_wconf 73' lang='grc' dir='ltr'>οὐ</span> <span class='ocrx_word' id='word_1_90' title='bbox 386 1775 462 1862; x_wconf 83' lang='grc' dir='ltr'>μὴν</span> <span class='ocrx_word' id='word_1_91' title='bbox 486 1775 561 1870; x_wconf 76' lang='grc' dir='ltr'>γαρ</span> <span class='ocrx_word' id='word_1_92' title='bbox 583 1779 676 1867; x_wconf 78' lang='grc' dir='ltr'><em>τιμή</em></span> <span class='ocrx_word' id='word_1_93' title='bbox 701 1774 827 1870; x_wconf 79' lang='grc' dir='ltr'><em>γ’ὁμὴ</em></span> <span class='ocrx_word' id='word_1_94' title='bbox 852 1772 1007 1845; x_wconf 72' lang='grc' dir='ltr'><em>ε”σσεται</em></span> <span class='ocrx_word' id='word_1_95' title='bbox 1031 1772 1104 1844; x_wconf 82' lang='grc' dir='ltr'><em>κτὲ.</em></span> 
     </span>
     <span class='ocr_line' id='line_1_14' title="bbox 185 1915 1287 2016; baseline 0.001 -26"><span class='ocrx_word' id='word_1_96' title='bbox 185 1925 244 1991; x_wconf 88' lang='lat' dir='ltr'>Vs.</span> <span class='ocrx_word' id='word_1_97' title='bbox 284 1926 326 1990; x_wconf 82' lang='lat'>68</span> <span class='ocrx_word' id='word_1_98' title='bbox 360 1947 426 1989; x_wconf 91' lang='lat' dir='ltr'>non</span> <span class='ocrx_word' id='word_1_99' title='bbox 458 1915 612 2009; x_wconf 80' lang='lat' dir='ltr'>assequor¹</span> <span class='ocrx_word' id='word_1_100' title='bbox 631 1947 696 2010; x_wconf 91' lang='lat' dir='ltr'>qua</span> <span class='ocrx_word' id='word_1_101' title='bbox 720 1925 753 1990; x_wconf 85' lang='lat' dir='ltr'>vi</span> <span class='ocrx_word' id='word_1_102' title='bbox 776 1930 931 2011; x_wconf 86' lang='lat' dir='ltr'>usurpata</span> <span class='ocrx_word' id='word_1_103' title='bbox 955 1925 998 1988; x_wconf 89' lang='lat' dir='ltr'>sit</span> <span class='ocrx_word' id='word_1_104' title='bbox 1020 1915 1178 2010; x_wconf 84' lang='lat' dir='ltr'>particula</span> <span class='ocrx_word' id='word_1_105' title='bbox 1201 1921 1287 2016; x_wconf 82' lang='grc' dir='ltr'><em>γάρ,</em></span> 
     </span>
    </p>
   </div>
   <div class='ocr_carea' id='block_1_6' title="bbox 95 2037 1288 2235">
    <p class='ocr_par' dir='ltr' id='par_1_12' title="bbox 95 2037 1288 2235">
     <span class='ocr_line' id='line_1_15' title="bbox 95 2037 1288 2122; baseline 0.002 -21"><span class='ocrx_word' id='word_1_106' title='bbox 95 2113 98 2120; x_wconf 18' lang='grc' dir='ltr'><strong>Δ</strong></span> <span class='ocrx_word' id='word_1_107' title='bbox 150 2059 237 2122; x_wconf 87' lang='lat' dir='ltr'>qnam</span> <span class='ocrx_word' id='word_1_108' title='bbox 260 2038 408 2102; x_wconf 78' lang='lat' dir='ltr'>voculam</span> <span class='ocrx_word' id='word_1_109' title='bbox 432 2060 471 2102; x_wconf 85' lang='lat' dir='ltr'>ex</span> <span class='ocrx_word' id='word_1_110' title='bbox 495 2038 605 2102; x_wconf 89' lang='lat' dir='ltr'>eadem</span> <span class='ocrx_word' id='word_1_111' title='bbox 629 2038 701 2102; x_wconf 90' lang='lat' dir='ltr'>sede</span> <span class='ocrx_word' id='word_1_112' title='bbox 724 2059 770 2102; x_wconf 79' lang='lat' dir='ltr'>us.</span> <span class='ocrx_word' id='word_1_113' title='bbox 796 2037 897 2102; x_wconf 81' lang='lat' dir='ltr'>vicini</span> <span class='ocrx_word' id='word_1_114' title='bbox 920 2058 1025 2102; x_wconf 90' lang='lat' dir='ltr'>errore</span> <span class='ocrx_word' id='word_1_115' title='bbox 1037 2037 1209 2122; x_wconf 90' lang='lat' dir='ltr'>repetitum</span> <span class='ocrx_word' id='word_1_116' title='bbox 1220 2059 1288 2103; x_wconf 93' lang='lat' dir='ltr'>esse</span> 
     </span>
     <span class='ocr_line' id='line_1_16' title="bbox 145 2148 1020 2235; baseline -0.001 -22"><span class='ocrx_word' id='word_1_117' title='bbox 145 2149 290 2235; x_wconf 89' lang='lat' dir='ltr'>suspicor.</span> <span class='ocrx_word' id='word_1_118' title='bbox 316 2148 393 2213; x_wconf 84' lang='lat' dir='ltr'>Loci</span> <span class='ocrx_word' id='word_1_119' title='bbox 416 2149 503 2214; x_wconf 88' lang='lat' dir='ltr'>enim</span> <span class='ocrx_word' id='word_1_120' title='bbox 525 2150 610 2214; x_wconf 86' lang='lat' dir='ltr'>ratio</span> <span class='ocrx_word' id='word_1_121' title='bbox 633 2149 720 2214; x_wconf 90' lang='lat' dir='ltr'>hand</span> <span class='ocrx_word' id='word_1_122' title='bbox 744 2150 840 2216; x_wconf 87' lang='lat' dir='ltr'>dubie</span> <span class='ocrx_word' id='word_1_123' title='bbox 863 2149 1020 2235; x_wconf 86' lang='lat' dir='ltr'>postulat:</span> 
     </span>
    </p>
   </div>
   <div class='ocr_carea' id='block_1_7' title="bbox 210 2289 1182 2617">
    <p class='ocr_par' dir='ltr' id='par_1_13' title="bbox 210 2289 1182 2617">
     <span class='ocr_line' id='line_1_17' title="bbox 714 2289 1178 2386; baseline -0.011 -23"><span class='ocrx_word' id='word_1_124' title='bbox 714 2291 812 2363; x_wconf 78' lang='grc' dir='ltr'><em>α’λλοὲ</em></span> <span class='ocrx_word' id='word_1_125' title='bbox 835 2292 904 2363; x_wconf 84' lang='grc' dir='ltr'><strong><em>καί</em></strong></span> <span class='ocrx_word' id='word_1_126' title='bbox 925 2289 1070 2386; x_wconf 80' lang='grc' dir='ltr'><em>Ἕκτωρ</em></span> <span class='ocrx_word' id='word_1_127' title='bbox 1170 2341 1178 2358; x_wconf 79' lang='grc'>.</span> 
     </span>
     <span class='ocr_line' id='line_1_18' title="bbox 210 2399 1182 2502; baseline 0.004 -29"><span class='ocrx_word' id='word_1_128' title='bbox 210 2403 398 2494; x_wconf 82' lang='grc' dir='ltr'><em>φιλτατος</em></span> <span class='ocrx_word' id='word_1_129' title='bbox 422 2399 506 2476; x_wconf 78' lang='grc' dir='ltr'><em>ἔσκε</em></span> <span class='ocrx_word' id='word_1_130' title='bbox 533 2408 664 2475; x_wconf 74' lang='grc' dir='ltr'><em>θεοῖσι</em></span> <span class='ocrx_word' id='word_1_131' title='bbox 687 2402 842 2501; x_wconf 78' lang='grc' dir='ltr'><em>βροτῶν</em></span> <span class='ocrx_word' id='word_1_132' title='bbox 867 2403 908 2475; x_wconf 83' lang='grc' dir='ltr'>οἵ</span> <span class='ocrx_word' id='word_1_133' title='bbox 933 2401 1049 2502; x_wconf 63' lang='lat' dir='ltr'>fatie</span> <span class='ocrx_word' id='word_1_134' title='bbox 1071 2401 1182 2477; x_wconf 82' lang='grc' dir='ltr'><em>εἰσίν·</em></span> 
     </span>
     <span class='ocr_line' id='line_1_19' title="bbox 211 2502 663 2617; baseline 0 -29"><span class='ocrx_word' id='word_1_135' title='bbox 211 2502 263 2597; x_wconf 81' lang='grc' dir='ltr'>ὧς</span> <span class='ocrx_word' id='word_1_136' title='bbox 282 2516 371 2588; x_wconf 85' lang='grc' dir='ltr'><em>καὶ</em></span> <span class='ocrx_word' id='word_1_137' title='bbox 395 2516 489 2606; x_wconf 80' lang='grc' dir='ltr'><em>ἐμοί</em></span> <span class='ocrx_word' id='word_1_138' title='bbox 509 2515 557 2617; x_wconf 77' lang='lat' dir='ltr'>y’,</span> <span class='ocrx_word' id='word_1_139' title='bbox 583 2515 663 2588; x_wconf 90' lang='grc' dir='ltr'><em>κτλ.</em></span> 
     </span>
    </p>
   </div>
   <div class='ocr_carea' id='block_1_8' title="bbox 73 2738 1288 3777">
    <p class='ocr_par' dir='ltr' id='par_1_14' title="bbox 186 2738 338 2812">
     <span class='ocr_line' id='line_1_20' title="bbox 186 2738 338 2812; baseline -0.013 0"><span class='ocrx_word' id='word_1_140' title='bbox 186 2738 229 2812; x_wconf 79' lang='grc' dir='ltr'>Ω</span> <span class='ocrx_word' id='word_1_141' title='bbox 255 2747 338 2811; x_wconf 83' lang='lat'><strong>337:</strong></span> 
     </span>
    </p>

    <p class='ocr_par' dir='ltr' id='par_1_15' title="bbox 185 2861 1203 2969">
     <span class='ocr_line' id='line_1_21' title="bbox 185 2861 1203 2969; baseline 0 -25"><span class='ocrx_word' id='word_1_142' title='bbox 185 2861 239 2957; x_wconf 81' lang='grc' dir='ltr'>ὧς</span> <span class='ocrx_word' id='word_1_143' title='bbox 261 2871 377 2968; x_wconf 78' lang='grc' dir='ltr'><em>ἄγαγ’</em></span> <span class='ocrx_word' id='word_1_144' title='bbox 403 2872 454 2954; x_wconf 81' lang='grc' dir='ltr'>ῶς</span> <span class='ocrx_word' id='word_1_145' title='bbox 478 2871 566 2961; x_wconf 72' lang='grc' dir='ltr'><em>μήτ’</em></span> <span class='ocrx_word' id='word_1_146' title='bbox 591 2872 640 2967; x_wconf 79' lang='grc' dir='ltr'>ἄρ</span> <span class='ocrx_word' id='word_1_147' title='bbox 665 2899 726 2956; x_wconf 83' lang='grc' dir='ltr'><em>τις</em></span> <span class='ocrx_word' id='word_1_148' title='bbox 752 2870 814 2964; x_wconf 82' lang='grc' dir='ltr'>ἱδῃ</span> <span class='ocrx_word' id='word_1_149' title='bbox 839 2877 925 2966; x_wconf 76' lang='grc' dir='ltr'><em>μήτ’</em></span> <span class='ocrx_word' id='word_1_150' title='bbox 949 2873 998 2969; x_wconf 77' lang='grc' dir='ltr'>ἄρ</span> <span class='ocrx_word' id='word_1_151' title='bbox 1022 2898 1060 2943; x_wconf 88' lang='grc' dir='ltr'><em>τε</em></span> <span class='ocrx_word' id='word_1_152' title='bbox 1086 2877 1203 2967; x_wconf 79' lang='grc' dir='ltr'><em>νοήσῃ</em></span> 
     </span>
    </p>

    <p class='ocr_par' dir='ltr' id='par_1_16' title="bbox 184 2979 1251 3077">
     <span class='ocr_line' id='line_1_22' title="bbox 184 2979 1251 3077; baseline 0 -24"><span class='ocrx_word' id='word_1_153' title='bbox 184 2991 264 3057; x_wconf 89' lang='grc' dir='ltr'><em>τῶν</em></span> <span class='ocrx_word' id='word_1_154' title='bbox 288 2983 414 3055; x_wconf 79' lang='grc' dir='ltr'><em>ἄλλων</em></span> <span class='ocrx_word' id='word_1_155' title='bbox 441 2985 610 3055; x_wconf 83' lang='grc' dir='ltr'><em>Δαναῶν</em></span> <span class='ocrx_word' id='word_1_156' title='bbox 633 2981 724 3077; x_wconf 79' lang='grc' dir='ltr'><em>τρὶν</em></span> <span class='ocrx_word' id='word_1_157' title='bbox 749 2979 1062 3070; x_wconf 71' lang='grc' dir='ltr'><em>Πηλετίωνόιδ</em></span> <span class='ocrx_word' id='word_1_158' title='bbox 1088 2987 1251 3055; x_wconf 76' lang='grc' dir='ltr'><em>ἱκέσθαι.</em></span> 
     </span>
    </p>

    <p class='ocr_par' dir='ltr' id='par_1_17' title="bbox 73 3125 1288 3777">
     <span class='ocr_line' id='line_1_23' title="bbox 184 3125 1288 3220; baseline 0.002 -20"><span class='ocrx_word' id='word_1_159' title='bbox 184 3135 354 3220; x_wconf 81' lang='lat' dir='ltr'>Nusquam</span> <span class='ocrx_word' id='word_1_160' title='bbox 378 3135 457 3198; x_wconf 80' lang='lat' dir='ltr'>aiibi</span> <span class='ocrx_word' id='word_1_161' title='bbox 480 3131 638 3200; x_wconf 85' lang='lat' dir='ltr'>Homerus</span> <span class='ocrx_word' id='word_1_162' title='bbox 663 3135 809 3199; x_wconf 86' lang='lat' dir='ltr'>voculam</span> <span class='ocrx_word' id='word_1_163' title='bbox 833 3134 1015 3200; x_wconf 73' lang='lat' dir='ltr'>encliticam</span> <span class='ocrx_word' id='word_1_164' title='bbox 1044 3125 1084 3201; x_wconf 86' lang='grc' dir='ltr'>δε</span> <span class='ocrx_word' id='word_1_165' title='bbox 1108 3134 1155 3199; x_wconf 89' lang='lat' dir='ltr'>ita</span> <span class='ocrx_word' id='word_1_166' title='bbox 1179 3135 1288 3202; x_wconf 85' lang='lat' dir='ltr'>iunxit</span> 
     </span>
     <span class='ocr_line' id='line_1_24' title="bbox 137 3245 1285 3332; baseline 0 -19"><span class='ocrx_word' id='word_1_167' title='bbox 137 3270 211 3313; x_wconf 89' lang='lat' dir='ltr'>cum</span> <span class='ocrx_word' id='word_1_168' title='bbox 237 3246 429 3312; x_wconf 83' lang='lat' dir='ltr'>Accusativo</span> <span class='ocrx_word' id='word_1_169' title='bbox 453 3245 593 3312; x_wconf 88' lang='lat' dir='ltr'>nominis</span> <span class='ocrx_word' id='word_1_170' title='bbox 617 3246 750 3332; x_wconf 83' lang='lat' dir='ltr'>proprii,</span> <span class='ocrx_word' id='word_1_171' title='bbox 775 3268 878 3331; x_wconf 92' lang='lat' dir='ltr'>neque</span> <span class='ocrx_word' id='word_1_172' title='bbox 901 3246 963 3310; x_wconf 91' lang='lat' dir='ltr'>hoc</span> <span class='ocrx_word' id='word_1_173' title='bbox 986 3268 1053 3310; x_wconf 90' lang='lat' dir='ltr'>non</span> <span class='ocrx_word' id='word_1_174' title='bbox 1076 3247 1285 3313; x_wconf 80' lang='lat' dir='ltr'>vetarevide-</span> 
     </span>
     <span class='ocr_line' id='line_1_25' title="bbox 134 3357 1282 3444; baseline -0.001 -21"><span class='ocrx_word' id='word_1_175' title='bbox 134 3364 189 3423; x_wconf 88' lang='lat' dir='ltr'>tur</span> <span class='ocrx_word' id='word_1_176' title='bbox 225 3358 379 3424; x_wconf 89' lang='lat' dir='ltr'>sermonis</span> <span class='ocrx_word' id='word_1_177' title='bbox 415 3357 497 3443; x_wconf 90' lang='lat' dir='ltr'>epici</span> <span class='ocrx_word' id='word_1_178' title='bbox 531 3358 719 3444; x_wconf 86' lang='lat' dir='ltr'>proprietas.</span> <span class='ocrx_word' id='word_1_179' title='bbox 752 3357 856 3423; x_wconf 89' lang='lat' dir='ltr'>Metro</span> <span class='ocrx_word' id='word_1_180' title='bbox 881 3357 1047 3442; x_wconf 87' lang='lat' dir='ltr'>repellitur</span> <span class='ocrx_word' id='word_1_181' title='bbox 1069 3358 1156 3443; x_wconf 90' lang='lat' dir='ltr'>quod</span> <span class='ocrx_word' id='word_1_182' title='bbox 1179 3359 1282 3424; x_wconf 87' lang='lat' dir='ltr'>usita-</span> 
     </span>
     <span class='ocr_line' id='line_1_26' title="bbox 135 3461 1285 3550; baseline 0.003 -17"><span class='ocrx_word' id='word_1_183' title='bbox 135 3469 300 3535; x_wconf 87' lang='lat' dir='ltr'>tissimum</span> <span class='ocrx_word' id='word_1_184' title='bbox 324 3472 372 3532; x_wconf 89' lang='lat' dir='ltr'>est</span> <span class='ocrx_word' id='word_1_185' title='bbox 396 3461 701 3550; x_wconf 74' lang='grc' dir='ltr'><em>ΙΙηλε-εἱωνόσδε.</em></span> <span class='ocrx_word' id='word_1_186' title='bbox 728 3468 810 3544; x_wconf 85' lang='lat' dir='ltr'>Quia</span> <span class='ocrx_word' id='word_1_187' title='bbox 834 3490 909 3534; x_wconf 83' lang='lat' dir='ltr'>vero</span> <span class='ocrx_word' id='word_1_188' title='bbox 933 3468 1067 3532; x_wconf 86' lang='lat' dir='ltr'>verbnm</span> <span class='ocrx_word' id='word_1_189' title='bbox 1085 3471 1285 3536; x_wconf 78' lang='grc' dir='ltr'><em>ἱκνεῖσθαι</em></span> 
     </span>
     <span class='ocr_line' id='line_1_27' title="bbox 135 3565 1284 3666; baseline 0.001 -22"><span class='ocrx_word' id='word_1_190' title='bbox 135 3565 293 3665; x_wconf 86' lang='lat' dir='ltr'>promisce</span> <span class='ocrx_word' id='word_1_191' title='bbox 318 3602 391 3646; x_wconf 86' lang='lat' dir='ltr'>aum</span> <span class='ocrx_word' id='word_1_192' title='bbox 415 3582 501 3645; x_wconf 89' lang='lat' dir='ltr'>nudo</span> <span class='ocrx_word' id='word_1_193' title='bbox 525 3580 718 3648; x_wconf 84' lang='lat' dir='ltr'>Accusativc</span> <span class='ocrx_word' id='word_1_194' title='bbox 742 3587 776 3646; x_wconf 87' lang='lat' dir='ltr'>et</span> <span class='ocrx_word' id='word_1_195' title='bbox 799 3603 872 3646; x_wconf 91' lang='lat' dir='ltr'>cum</span> <span class='ocrx_word' id='word_1_196' title='bbox 887 3580 1122 3666; x_wconf 79' lang='lat' dir='ltr'>praepositione</span> <span class='ocrx_word' id='word_1_197' title='bbox 1139 3575 1194 3660; x_wconf 83' lang='grc' dir='ltr'>εἰς</span> <span class='ocrx_word' id='word_1_198' title='bbox 1207 3603 1284 3645; x_wconf 93' lang='lat' dir='ltr'>con-</span> 
     </span>
     <span class='ocr_line' id='line_1_28' title="bbox 73 3689 1254 3777; baseline -0.002 -19"><span class='ocrx_word' id='word_1_199' title='bbox 73 3751 75 3758; x_wconf 92' lang='lat'>.</span> <span class='ocrx_word' id='word_1_200' title='bbox 137 3692 276 3758; x_wconf 85' lang='lat' dir='ltr'>struitur</span> <span class='ocrx_word' id='word_1_201' title='bbox 300 3715 319 3756; x_wconf 86' lang='lat' dir='ltr'>a</span> <span class='ocrx_word' id='word_1_202' title='bbox 342 3695 447 3776; x_wconf 87' lang='lat' dir='ltr'>poeta,</span> <span class='ocrx_word' id='word_1_203' title='bbox 473 3713 578 3769; x_wconf 84' lang='lat' dir='ltr'>nemo,</span> <span class='ocrx_word' id='word_1_204' title='bbox 603 3693 727 3777; x_wconf 89' lang='lat' dir='ltr'>opinor,</span> <span class='ocrx_word' id='word_1_205' title='bbox 752 3693 897 3758; x_wconf 87' lang='lat' dir='ltr'>haereret</span> <span class='ocrx_word' id='word_1_206' title='bbox 920 3691 949 3756; x_wconf 89' lang='lat' dir='ltr'>si</span> <span class='ocrx_word' id='word_1_207' title='bbox 971 3691 1025 3755; x_wconf 86' lang='lat' dir='ltr'>hic</span> <span class='ocrx_word' id='word_1_208' title='bbox 1048 3689 1254 3756; x_wconf 88' lang='lat' dir='ltr'>scriberetur:</span> 
     </span>
    </p>
   </div>
   <div class='ocr_carea' id='block_1_9' title="bbox 137 3831 1286 4462">
    <p class='ocr_par' dir='ltr' id='par_1_18' title="bbox 137 3831 1286 4183">
     <span class='ocr_line' id='line_1_29' title="bbox 408 3831 999 3927; baseline 0 -25"><span class='ocrx_word' id='word_1_209' title='bbox 408 3831 498 3927; x_wconf 72' lang='grc' dir='ltr'><em>πρίν</em></span> <span class='ocrx_word' id='word_1_210' title='bbox 522 3833 566 3901; x_wconf 83' lang='lat'>11</span> <span class='ocrx_word' id='word_1_211' title='bbox 574 3831 816 3918; x_wconf 75' lang='grc' dir='ltr'><em>ηλετὶωνος</em></span> <span class='ocrx_word' id='word_1_212' title='bbox 841 3836 999 3903; x_wconf 75' lang='grc' dir='ltr'><em>ἱκέσθαι</em></span> 
     </span>
     <span class='ocr_line' id='line_1_30' title="bbox 137 3975 1286 4072; baseline -0.003 -21"><span class='ocrx_word' id='word_1_213' title='bbox 137 3988 276 4052; x_wconf 81' lang='lat' dir='ltr'>admissa</span> <span class='ocrx_word' id='word_1_214' title='bbox 300 3989 377 4050; x_wconf 86' lang='lat' dir='ltr'>uota</span> <span class='ocrx_word' id='word_1_215' title='bbox 401 3985 506 4071; x_wconf 84' lang='lat' dir='ltr'>ellipsi</span> <span class='ocrx_word' id='word_1_216' title='bbox 530 3984 724 4055; x_wconf 83' lang='lat' dir='ltr'>substantivi</span> <span class='ocrx_word' id='word_1_217' title='bbox 749 3976 862 4072; x_wconf 82' lang='grc' dir='ltr'><em>δῶμα</em></span> <span class='ocrx_word' id='word_1_218' title='bbox 877 3975 972 4071; x_wconf 83' lang='grc' dir='ltr'><em>(δῶ).</em></span> <span class='ocrx_word' id='word_1_219' title='bbox 998 3983 1286 4070; x_wconf 82' lang='lat' dir='ltr'>Insupercogitavi</span> 
     </span>
     <span class='ocr_line' id='line_1_31' title="bbox 140 4099 462 4183; baseline -0.003 -20"><span class='ocrx_word' id='word_1_220' title='bbox 140 4100 178 4165; x_wconf 89' lang='lat' dir='ltr'>de</span> <span class='ocrx_word' id='word_1_221' title='bbox 201 4101 262 4165; x_wconf 87' lang='lat' dir='ltr'>hac</span> <span class='ocrx_word' id='word_1_222' title='bbox 286 4099 462 4183; x_wconf 86' lang='lat' dir='ltr'>scriptura:</span> 
     </span>
    </p>

    <p class='ocr_par' dir='ltr' id='par_1_19' title="bbox 141 4227 1286 4462">
     <span class='ocr_line' id='line_1_32' title="bbox 395 4227 1022 4325; baseline -0.005 -25"><span class='ocrx_word' id='word_1_223' title='bbox 395 4227 486 4324; x_wconf 83' lang='grc' dir='ltr'>πρὶν</span> <span class='ocrx_word' id='word_1_224' title='bbox 512 4228 781 4314; x_wconf 71' lang='grc' dir='ltr'><em>Πηλετὶωνά</em></span> <span class='ocrx_word' id='word_1_225' title='bbox 804 4229 840 4325; x_wconf 80' lang='grc' dir='ltr'>γ’</span> <span class='ocrx_word' id='word_1_226' title='bbox 866 4231 1022 4300; x_wconf 80' lang='grc' dir='ltr'><em>ἱκέσθαι</em></span> 
     </span>
     <span class='ocr_line' id='line_1_33' title="bbox 141 4365 1286 4462; baseline -0.005 -24"><span class='ocrx_word' id='word_1_227' title='bbox 141 4374 178 4439; x_wconf 91' lang='lat' dir='ltr'>cl.</span> <span class='ocrx_word' id='word_1_228' title='bbox 205 4372 263 4438; x_wconf 89' lang='lat' dir='ltr'>Od.</span> <span class='ocrx_word' id='word_1_229' title='bbox 302 4395 332 4454; x_wconf 81' lang='grc' dir='ltr'>η,</span> <span class='ocrx_word' id='word_1_230' title='bbox 359 4371 417 4435; x_wconf 84' lang='lat'>41:</span> <span class='ocrx_word' id='word_1_231' title='bbox 456 4365 541 4462; x_wconf 80' lang='grc' dir='ltr'><em>ὄφρ’</em></span> <span class='ocrx_word' id='word_1_232' title='bbox 567 4367 654 4438; x_wconf 77' lang='grc' dir='ltr'><em>ἵκετ’</em></span> <span class='ocrx_word' id='word_1_233' title='bbox 679 4365 846 4462; x_wconf 80' lang='grc' dir='ltr'><em>Ἀρήτην.</em></span> <span class='ocrx_word' id='word_1_234' title='bbox 884 4369 945 4438; x_wconf 82' lang='lat' dir='ltr'>Sed</span> <span class='ocrx_word' id='word_1_235' title='bbox 968 4369 1126 4456; x_wconf 85' lang='lat' dir='ltr'>particula</span> <span class='ocrx_word' id='word_1_236' title='bbox 1150 4390 1201 4460; x_wconf 79' lang='lat' dir='ltr'>ys,</span> <span class='ocrx_word' id='word_1_237' title='bbox 1226 4367 1286 4432; x_wconf 87' lang='lat' dir='ltr'>nb-</span> 
     </span>
    </p>
   </div>
   <div class='ocr_carea' id='block_1_10' title="bbox 72 4476 1289 4680">
    <p class='ocr_par' dir='ltr' id='par_1_20' title="bbox 72 4476 1289 4680">
     <span class='ocr_line' id='line_1_34' title="bbox 72 4476 1289 4573; baseline -0.004 -23"><span class='ocrx_word' id='word_1_238' title='bbox 72 4497 76 4506; x_wconf 88' lang='lat'>&#39;</span> <span class='ocrx_word' id='word_1_239' title='bbox 142 4485 281 4565; x_wconf 82' lang='lat' dir='ltr'>additur,</span> <span class='ocrx_word' id='word_1_240' title='bbox 305 4487 355 4548; x_wconf 88' lang='lat' dir='ltr'>sta</span> <span class='ocrx_word' id='word_1_241' title='bbox 371 4483 417 4546; x_wconf 91' lang='lat' dir='ltr'>im</span> <span class='ocrx_word' id='word_1_242' title='bbox 441 4482 586 4567; x_wconf 86' lang='lat' dir='ltr'>sequitur</span> <span class='ocrx_word' id='word_1_243' title='bbox 609 4486 682 4567; x_wconf 86' lang='lat' dir='ltr'>post</span> <span class='ocrx_word' id='word_1_244' title='bbox 705 4483 851 4548; x_wconf 85' lang='lat' dir='ltr'>voculam</span> <span class='ocrx_word' id='word_1_245' title='bbox 863 4482 965 4573; x_wconf 82' lang='grc' dir='ltr'><em>πρίν,</em></span> <span class='ocrx_word' id='word_1_246' title='bbox 977 4480 1042 4545; x_wconf 85' lang='lat' dir='ltr'>nisi</span> <span class='ocrx_word' id='word_1_247' title='bbox 1053 4479 1156 4544; x_wconf 86' lang='lat' dir='ltr'>fallor.</span> <span class='ocrx_word' id='word_1_248' title='bbox 1183 4476 1289 4552; x_wconf 75' lang='lat' dir='ltr'>Quare</span> 
     </span>
     <span class='ocr_line' id='line_1_35' title="bbox 142 4594 658 4680; baseline -0.004 -20"><span class='ocrx_word' id='word_1_249' title='bbox 142 4595 231 4662; x_wconf 88' lang='lat' dir='ltr'>illam</span> <span class='ocrx_word' id='word_1_250' title='bbox 255 4595 416 4662; x_wconf 86' lang='lat' dir='ltr'>rationem</span> <span class='ocrx_word' id='word_1_251' title='bbox 440 4594 658 4680; x_wconf 88' lang='lat' dir='ltr'>praetulerim.</span> 
     </span>
    </p>
   </div>
   <div class='ocr_carea' id='block_1_11' title="bbox 0 0 1533 5312">
    <p class='ocr_par' dir='ltr' id='par_1_21' title="bbox 0 0 1533 5312">
     <span class='ocr_line' id='line_1_36' title="bbox 0 0 1533 5312; baseline 0 0"><span class='ocrx_word' id='word_1_252' title='bbox 0 0 1533 5312; x_wconf 95' lang='lat' dir='ltr'> </span> 
     </span>
    </p>
   </div>
  </div>
 </body>
</html>
