3054 5312
768 308 889 394 (42)

305 493 366 559 Sed
400 496 506 580 potins
542 493 727 559 crediderim
758 495 902 559 additum
926 515 992 560 csse
1016 491 1060 558 ab.
1080 491 1316 576 interpolatore,
1340 494 1392 576 qui

257 628 324 670 non
355 607 554 692 intellegeret
588 606 684 672 verba
720 607 796 692 ή-
811 600 1013 692 βασιλήων
1048 604 1205 690 pertincre
1241 603 1280 666 sd
1305 623 1391 687 prae-

256 737 373 803 gressa.

299 931 399 998 oca
425 935 489 998 173
514 957 583 1018 sqq.
609 933 737 1017 Ulysses
762 933 898 1019 Calypso
921 938 1022 998 ratem
1047 933 1212 997 aedificare
1237 933 1391 997 sc1nben

254 1047 319 1106 tem
342 1043 392 1108 his
416 1046 520 1111 verbis
544 1029 719 1130 alloquitur
743 1044 923 1129 suspicione
946 1045 1066 1130 plenis:

255 1203 358 1276 ἄλλο
383 1233 420 1275 τι
445 1200 490 1292 δή
514 1206 572 1286 oni,
599 1205 681 1287 θεόι,
708 1201 809 1276 πόδε
835 1199 1009 1293 μήδεαι,
1035 1198 1125 1275 οόδέ
1144 1231 1182 1271 τι
1207 1207 1360 1291 πομπήν

255 1319 277 1402 ή
285 1315 426 1406 μεκέλῃ
436 1321 471 1405 (f.
483 1311 764 1408 κελεαήσχεδίη
774 1317 919 1409 περάαν
927 1319 1026 1409 μέγα
1037 1314 1184 1404 λαῖτμα
1194 1313 1395 1403 θαλάσσης

254 1421 411 1498 δεεινόν
436 1425 468 1494 τ’
492 1413 683 1521 α’ργαλέον
707 1453 754 1496 τε·
782 1421 885 1497 τὸδ’
912 1421 993 1497 ουδ’
1018 1425 1080 1496 ἐπὶ
1105 1438 1190 1514 νῆες
1216 1426 1349 1498 ἐεῖσαι

257 1537 444 1629 ὠκύποροι
469 1539 658 1631 περόωσιν
682 1537 941 1633 οὲγιελλόμενοι
969 1537 1064 1620 Διὸς
1087 1540 1194 1632 οὔρῳ,

255 1641 337 1718 ουδ’
362 1645 412 1718 όὲν
437 1647 534 1741 ἐγὼν
559 1646 715 1732 όεέκητι
740 1651 856 1720 σέθεν
881 1642 1039 1738 σχεδίης
1064 1645 1260 1737 ἐπιβαίην,

256 1757 294 1828 εἰ
313 1763 366 1850 μή
391 1783 461 1848 μοι
486 1757 619 1844 πλαιης
644 1783 694 1853 γε,
721 1761 803 1843 θεά,
827 1763 949 1853 μέγαν
975 1757 1090 1847 ὅρκον
1116 1759 1286 1850 ὀμόσσαι

255 1872 307 1959 μή
334 1873 377 1938 τί
394 1893 465 1960 μοι
491 1869 607 1962 αὐτῷ
632 1879 739 1959 πῆμα
764 1872 886 1941 κακὸν
910 1868 1169 1960 βουλευσέμεν
1194 1869 1313 1942 ἄλλο.

301 2047 442 2112 Ultimus
465 2049 580 2113 horum
603 2071 762 2128 versuum,
786 2050 854 2135 qni,
879 2053 1010 2135 excepta
1034 2049 1210 2113 necessaria
1234 2050 1396 2133 pronomi-

256 2160 306 2224 nis
330 2181 399 2247 μοι
424 2162 602 2226 mutatione
625 2162 661 2224 in
685 2183 758 2240 τοι,
781 2161 850 2226 sinc
868 2163 1023 2226 varietate
1036 2161 1189 2245 repetitur
1201 2161 1236 2224 in
1248 2181 1397 2245 responso

256 2270 411 2356 Calypsus
435 2295 479 2338 vs.
499 2274 575 2351 188,
601 2273 770 2337 manifesto
796 2274 950 2337 absurdus
975 2277 1031 2337 est.
1058 2271 1143 2335 Nam
1168 2273 1255 2336 omni
1268 2273 1300 2336 vi
1313 2276 1398 2337 caret

256 2406 432 2468 pronomen
467 2381 581 2474 αυτῷ,
614 2385 872 2470 qnandoquidem
905 2408 996 2450 nemo
1021 2385 1128 2449 estin
1151 2383 1256 2448 insula
1281 2383 1397 2469 (neque

256 2495 326 2579 ipsa
350 2494 418 2559 Dea
449 2518 552 2579 neque
577 2497 665 2571 socii,
697 2497 754 2581 qui
778 2519 886 2562 omnes
910 2497 1085 2582 perierant)
1111 2495 1162 2559 cni
1185 2494 1316 2579 Ulysses
1342 2518 1396 2582 op·

255 2611 394 2691 ponatur
417 2611 473 2672 ant
497 2608 616 2692 opponi
646 2609 756 2693 possit.
800 2608 891 2683 Quod
915 2609 1046 2672 minime
1069 2609 1154 2672 valet
1179 2608 1217 2672 de
1240 2607 1304 2671 alio
1328 2608 1397 2673 loco

255 2719 351 2782 huius
383 2719 545 2783 simillimo
577 2720 613 2782 in
647 2719 730 2784 libro
766 2719 807 2797 X,
840 2721 896 2783 nbi
920 2722 1029 2785 eadem
1052 2721 1148 2785 verba
1171 2723 1341 2783 recurrunt
1363 2720 1398 2782 in

257 2829 401 2894 oratione
424 2830 528 2894 herois
552 2830 729 2894 Ithacensis
754 2832 795 2895 ad
819 2829 942 2910 Circen,
967 2833 1072 2917 ipsum
1097 2831 1136 2894 ad
1149 2831 1313 2914 amplexus
1326 2853 1398 2894 suos

255 2939 447 3004 invitantem
471 2963 515 3005 vs.
544 2943 608 3005 337
635 2963 719 3026 sqq:

258 3087 286 3168 ω
311 3101 439 3190 Κίρκη,
464 3103 545 3181 πῶς
570 3101 642 3194 γάρ
665 3129 712 3191 με
735 3101 817 3188 κελη
843 3106 878 3191 (1.
905 3101 1042 3192 κέλεαι)
1064 3126 1125 3170 σοι
1144 3103 1254 3187 ήπιος
1270 3079 1422 3190 εἶναι,·ἱ

256 3213 277 3296 ii
300 3235 367 3298 μοι
396 3217 465 3292 σῦς
489 3239 559 3298 μεν
584 3208 728 3298 ἔθηκας
754 3215 812 3286 ἐνὶ
836 3215 1067 3307 μεγάροισιν
1090 3211 1316 3305 ἑταίρους,

258 3318 378 3389 αυτὸν
403 3313 437 3387 δ’
464 3316 600 3392 ἐνθάδ’
625 3318 771 3413 ἔχουσα
797 3316 1106 3413 δολοφρονέουσα
1130 3320 1286 3401 κελεόεις

257 3429 298 3512 ἐς
323 3430 507 3520 θάλαμόν
533 3432 667 3504 τ’ῐέναι
689 3433 758 3503 καὶ
787 3445 855 3519 σης
881 3427 1111 3521 ἐπιβήμεναι
1136 3432 1258 3518 εόνής,

257 3541 359 3632 ὄφρα
384 3567 427 3619 με
453 3547 709 3637 γυμνωθέντα
734 3544 858 3616 κακὸν
881 3542 948 3613 καὶ
974 3542 1144 3634 ἀνήνορα
1169 3547 1287 3634 θείης,

256 3647 337 3723 ουδ’
362 3649 412 3722 όν
437 3651 548 3746 ἔγωγ’
574 3651 748 3743 ἐθέλοιμι
774 3667 855 3741 τεης
878 3651 1113 3742 ἐπιβήμεναι
1139 3653 1259 3740 εόνής,

257 3762 294 3833 εἰ
313 3767 365 3854 μή
390 3789 457 3854 μοι
484 3762 616 3848 τλαίης
642 3790 691 3859 γε,
717 3767 802 3853 θεά,
828 3769 952 3859 μέγαν
977 3764 1091 3856 ὅρκον
1116 3763 1287 3854 ὀμόσσαι

255 3878 307 3966 μή
332 3901 370 3942 τι
394 3900 464 3964 μοι
489 3874 606 3967 ου’τῴ
632 3885 736 3965 πήμα
760 3877 882 3949 κακον
902 3875 1155 3968 βουλευσέμεν
1179 3873 1297 3945 ἄλλο.

303 4046 355 4112 Ibi
379 4047 464 4110 enim
488 4051 520 4112 et
544 4045 645 4139 αότῴ
671 4053 702 4114 et
727 4047 821 4118 αλλο
845 4074 943 4137 quam
966 4053 1033 4117 vim
1051 4050 1192 4114 habeant
1204 4048 1315 4112 statim
1326 4069 1396 4133 pcr-

257 4158 401 4243 spicitur,
426 4158 453 4221 si
477 4159 605 4243 quidem
629 4158 719 4226 Circe
742 4167 774 4226 et
798 4164 920 4227 sodales
946 4162 1070 4245 Ulyssis
1093 4161 1129 4224 in
1153 4182 1224 4224 sues
1253 4163 1397 4223 mutave·

257 4273 308 4334 rat
333 4273 364 4333 et
387 4270 492 4354 ipsum
516 4276 640 4336 mutare
663 4275 809 4358 quamvis
834 4275 954 4338 frustra
977 4276 1166 4336 tentaverat.
1194 4270 1312 4335 Contra
1337 4269 1397 4336 Ca-

257 4381 348 4466 lypso
384 4380 516 4446 Laertae
552 4384 655 4448 filium
691 4387 823 4450 comiter
858 4408 895 4449 ac
926 4385 1078 4448 benevole
1109 4405 1128 4446 a
1163 4405 1196 4447 se
1232 4388 1398 4468 exceptum

258 4515 360 4579 neque
383 4493 450 4557 ullo
482 4495 558 4558 dum
591 4498 676 4562 malo
700 4497 848 4562 affecerat
871 4517 974 4580 neque
998 4496 1121 4560 afficere
1144 4495 1249 4560 fuerat
1273 4497 1397 4558 conata.

257 4605 436 4691 Utrumque
459 4605 565 4670 locum
588 4630 655 4672 non
679 4609 719 4672 ab
744 4609 853 4673 eodem
876 4612 970 4692 poeta
995 4607 1205 4692 compositum
1228 4628 1295 4670 esse
1313 4604 1398 4671 cadit
