3054 5312
652 289 773 374 (⁷9)

137 474 181 536 26
206 469 395 561 Δαιμόνι’
422 471 537 559 οορον
562 468 648 561 ὅρα,
675 471 768 561 ἅμα
793 465 964 557 δ’ἱςιόν
988 468 1111 542 εἶ’λκεο
1142 470 1262 557 νηός,

207 579 409 669 σύμπανθ’
436 579 533 651 ὅπλα
554 578 704 668 λαβὼν·
719 575 781 652 ὅδε
795 575 820 652 δ
824 573 919 653 ’κοτ’
933 574 1119 673 ἄνδρεσσι
1132 581 1283 672 μελήσει

1205 717 1282 762 κτε.

183 859 245 938 Qui
277 861 335 926 ubi
370 861 468 926 finem
505 859 583 926 fecit
618 859 755 938 dicendi,
792 861 865 945 quis
901 883 967 927 non
991 864 1061 929 iure
1084 866 1218 930 miretur
1241 865 1288 929 sie

134 992 267 1058 pergere
290 975 434 1058 poetam:

136 1152 181 1216 32
205 1143 284 1229 Ὦς
307 1146 423 1219 εἰπὼν
449 1147 555 1233 ἱςόν
580 1173 623 1218 τε
647 1145 726 1216 καὶ
750 1149 877 1232 ἱςιόν
901 1146 1050 1219 ἕλκετο
1071 1151 1188 1237 νηός·
1294 1156 1296 1162 ’

208 1253 416 1348 ε”μπνεοσεν
441 1251 626 1348 δ’ἄνεμος
650 1259 771 1348 μέσον
796 1260 903 1343 ἱςίσν
927 1257 1027 1328 nrt?

183 1441 301 1508 Nonne
323 1441 501 1507 meridiana
524 1441 595 1506 luce
620 1441 737 1510 clarius
761 1445 820 1520 est,
846 1464 913 1506 non
936 1443 1042 1528 ipsum
1059 1446 1116 1530 qui
1129 1448 1283 1533 loquitur,

132 1555 156 1619 i.
182 1576 208 1619 e.
235 1553 401 1618 dominum
424 1553 529 1630 navis,
554 1553 609 1617 sed
633 1553 881 1637 gubernatorem
901 1553 986 1618 dicto
999 1561 1165 1640 parentem
1176 1561 1284 1626 velum

131 1666 227 1730 'navis
262 1665 409 1730 trahere?
446 1662 515 1729 Nec
550 1663 638 1729 enim
669 1663 732 1728 fert
764 1664 858 1750 epica'
879 1667 1086 1746 consuetudo,
1111 1674 1148 1734 ut
1171 1677 1285 1756 poetae
1352 1703 1358 1712 =

132 1777 231 1843 liceat
253 1776 407 1841 reticere:
431 1777 667 1861 paternatorem
683 1776 815 1840 domino
828 1799 889 1840 non
897 1779 1052 1862 paruisse,
1065 1780 1169 1867 itaque
1180 1785 1284 1869 ipsum

134 1889 295 1954 dominum
318 1888 402 1952 illics
419 1887 567 1974 functum
593 1909 653 1952 esse
677 1887 781 1973 officio.
809 1884 944 1972 Copiose
967 1887 1122 1955 eiusmodi
1144 1914 1194 1958 res
1207 1917 1283 1959 nar-

132 1999 199 2063 rari
223 1998 375 2076 assolent,
400 2000 432 2062 et
455 1997 517 2062 hoc
533 1997 648 2061 saltem
660 1997 740 2060 mihi
752 1997 858 2081 quivis
873 1999 1033 2077 concedet,
1047 2000 1074 2064 si
1086 2001 1170 2068 nihil
1182 2005 1282 2085 alind,

130 2110 315 2174 addendum
351 2112 435 2174 certe
470 2108 568 2172 fuisse
603 2129 779 2194 pronomen
816 2105 965 2186 αὐτός.
1004 2110 1119 2177 Risum
1142 2123 1284 2196 movent,

133 2241 216 2304 quae
240 2221 376 2283 annotat
397 2207 637 2283 recentissimus
659 2218 762 2282 editor
781 2214 893 2282 Alexis
906 2216 1033 2303 Peyron
1044 2217 1150 2308 (Paris
1166 2225 1282 2313 1875),

54 2385 61 2396 .
134 2353 229 2416 quem
264 2331 292 2394 si
324 2330 447 2408 audias,
483 2351 530 2395 vs.
569 2330 613 2410 26
651 2325 750 2417 ἅμα,
770 2307 819 2394 est
855 2353 925 2396 ecee
947 2333 1021 2410 moi,
1043 2336 1076 2397 et
1096 2355 1143 2400 vs.
1171 2337 1214 2402 32
1240 2339 1281 2402 ad

56 2496 61 2502 .
137 2436 260 2507 ἑλκετο
283 2440 540 2506 subandiendum
563 2436 647 2527 ἅμα
673 2441 754 2527 (τῷ)
779 2433 1001 2529 κυβερνήτῃ,
1017 2444 1127 2527 qualia
1140 2445 1282 2515 refellere

15 2537 17 2546 Α
136 2552 218 2617 foret
241 2551 418 2616 delirantis,
450 2549 551 2618 Miror
585 2549 824 2614 neminemdum
860 2550 978 2616 dixisse
1002 2550 1054 2632 ὼς
1077 2550 1194 2626 εἰπών
1216 2581 1283 2627 esse

133 2664 371 2729 nominativum
407 2661 610 2726 absolutum!
648 2660 771 2740 Verum
807 2661 895 2725 alind
925 2661 1082 2728 indicium
1106 2671 1163 2746 est,
1186 2667 1283 2737 hioa

133 2775 247 2844 scribis
270 2775 439 2839 turbatum
463 2795 544 2838 esse:
571 2792 687 2856 nempe
710 2770 880 2836 verborum
903 2771 967 2835 ista
980 2774 1164 2841 coniunctio
1178 2777 1283 2862 ἱςόν

135 2910 173 2955 τε
198 2881 267 2954 καὶ
293 2883 398 2968 ἱςιόν
424 2880 583 2961 ἕλκετο,
608 2882 636 2946 si
659 2880 789 2965 quidem
814 2880 852 2945 de
876 2881 961 2945 malo
985 2883 1138 2952 sollemne
1149 2891 1283 2956 verbum

133 3004 182 3066 eat
219 2991 358 3080 ἱςάναι
394 2995 461 3059 sive
497 2989 676 3076 ἴςασθοιι.
712 2989 785 3056 Nisi
820 2991 923 3076 igitur
946 2993 1055 3059 omnia
1078 3018 1129 3062 me
1151 2997 1282 3082 fallunt,

133 3111 269 3176 duorum
293 3107 336 3193 (si
359 3127 427 3170 non
450 3104 606 3191 plurium)
630 3102 860 3168 versiculorum
882 3103 1017 3168 lacinias
1041 3105 1075 3169 in
1092 3129 1283 3178 unumcon-

133 3221 254 3286 fiarnnt
276 3217 414 3284 librarii.
438 3215 533 3281 Certa
556 3214 779 3301 supplementa
802 3237 897 3279 nemo
913 3236 995 3280 ame
1007 3218 1164 3300 requiret:
1178 3245 1281 3288 esem·

131 3334 181 3418 pli
202 3333 307 3418 pratia
330 3328 437 3394 locum
461 3348 632 3413 apponam,
656 3325 762 3409 qualis
787 3323 853 3390 fere
877 3325 955 3390 olim
980 3327 1078 3392 scribi
1098 3334 1220 3415 potuit:

134 3496 186 3590 ὦς
210 3507 327 3578 εἰπών
351 3511 432 3596 (νιν
457 3504 632 3586 ἔλασσεν,
659 3501 680 3572 ὁ
705 3494 811 3573 δὀὐκ
834 3501 975 3575 ἐθέλων
998 3503 1061 3574 ba’
1082 3503 1270 3604 ἀνάγκης)

136 3619 227 3706 ἱςόν
251 3618 283 3686 τ’
310 3615 477 3707 dignaret)
501 3613 569 3686 καὶ
597 3615 703 3702 ἱςιόν
729 3611 854 3683 ἑλκετο
879 3614 980 3700 νηός.

135 3801 183 3868 Of.
209 3822 336 3888 quoque
359 3823 404 3866 vs.
432 3799 488 3864 43.

181 3911 293 3978 Simile
315 3912 394 3996 quid
416 3929 526 3975 vereor
549 3927 590 3973 ne
613 3907 764 3972 acciderit
786 3929 832 3973 vs.
860 3908 920 3974 42:

682 4073 721 4137 οἱ
746 4061 787 4139 δὲ·
814 4061 965 4150 ἰδόντες

184 4180 419 4252 ΜΗΔΗΔΗ
440 4176 519 4249 τότ’
545 4171 673 4246 ἔπειτα
697 4176 934 4271 κυβερνήτην
959 4175 1129 4255 ἐκέλευον

134 4356 204 4436 ubi,
236 4356 265 4420 si
300 4376 317 4418 e
349 4373 468 4438 magno
504 4351 761 4418 coniecturarum
792 4375 926 4419 numero
950 4355 1159 4444 aptissimam,
1184 4383 1283 4445 quam

134 4465 303 4554 proposuit
333 4463 469 4547 chhly,
507 4470 582 4549 νῆα
612 4459 740 4538 πάλιν,
773 4464 995 4550 receperimus,
1030 4467 1080 4532 vel
1104 4468 1150 4534 sic
1172 4475 1282 4538 tamen

137 4579 309 4647 obscurum
332 4573 478 4652 restabit,
504 4595 560 4638 cur
581 4573 740 4657 Tyrrheni
764 4575 826 4640 iter
850 4597 916 4642 non
929 4584 1169 4664 persequantur.
1195 4581 1284 4649 Bene

1124 4692 1143 4755 6
