3054 5312
31 155 59 278 p

30 275 32 348 l

656 204 777 290 (63)

140 391 229 456 bitur
259 387 528 484 παροξυτόνως
558 387 727 482 πύρνον
763 394 795 491 et
819 389 974 485 πύρνα,
999 417 1095 481 quem
1118 401 1285 466 accentum

137 505 293 571 vitiosum
324 525 391 570 esse
424 505 536 590 (quam
560 505 815 570 observationem
839 505 937 570 debeo
962 504 1106 596 Nabero)
1130 509 1205 576 inde
1229 533 1286 596 ap-

136 620 243 704 paret,
268 617 353 704 quod
378 617 511 682 ductum
535 639 554 681 a
578 614 698 707 πυρός
713 617 893 683 necessario
903 618 1003 685 habet
1014 622 1157 688 vocalem
1168 627 1287 689 natura

136 731 282 818 longam.
319 728 396 794 Non
430 731 540 794 tamen
575 728 759 816 scripserim
790 732 961 822 πύρνον
996 735 1029 797 et
1051 735 1207 826 πύρνα,
1234 736 1288 801 sed

140 835 336 923 ὀξυτόνως
360 837 533 930 πυρνόν
557 844 590 906 et
613 837 759 933 πυρνύ
783 841 824 906 ad
848 841 1032 927 analogiam
1055 844 1305 924 adiectivorum'

137 947 373 1044 βαρυτόνων
407 953 444 1017 in
479 974 534 1032 ος,
569 976 653 1040 quae
688 975 850 1039 syncopen
883 976 978 1039 passa
1010 960 1097 1035 sunt,
1129 959 1218 1025 velut
1249 982 1288 1024 ex

135 1061 322 1156 νεόγονος
346 1065 384 1130 fit
407 1062 577 1156 νεογνός,
602 1087 641 1130 ex
669 1059 816 1154 Τρώιος
844 1061 985 1156 Τρωός,
1010 1067 1083 1134 alia.

595 1368 865 1378 Ἣ

450 1611 512 1678 ΙΠ.
562 1633 605 1678 no
629 1634 760 1680 urnuos
784 1636 975 1684 uounmcos.

183 1873 387 1959 Hymnorum
411 1873 659 1941 Homericorum
678 1876 735 1961 qui
759 1876 912 1941 dicuntur
934 1876 1029 1942 hodie
1051 1881 1125 1963 post
1148 1877 1285 1944 multam

9 2069 10 2073 Ἰ
138 1989 168 2050 et
194 1987 594 2072 egregiammaximorum
628 1987 812 2052 criticorum
837 2010 966 2073 operam
989 2012 1027 2054 ea
1059 1990 1200 2055 conditio
1225 1995 1284 2070 cst,

136 2102 173 2162 ut
198 2121 237 2164 ex
262 2100 460 2185 corruptelis,
485 2121 567 2184 quae
590 2098 641 2163 vel
665 2099 759 2164 hodie
789 2103 914 2164 textum
938 2100 1128 2186 impediunt,
1164 2124 1285 2187 paucae

137 2210 299 2296 probabili
323 2211 506 2276 coniectura
530 2209 638 2274 sanari
662 2209 797 2296 possint,
822 2210 861 2274 de
884 2210 981 2295 lenge
1005 2216 1113 2277 autem
1124 2212 1285 2298 plerisque

139 2321 245 2387 valeat
278 2321 391 2386 comici
423 2322 546 2386 dictum
578 2317 749 2410 πρωκτὸς
773 2316 933 2411 λούτρου
957 2321 1284 2415 περιγιγνόμενος.

141 2429 216 2497 Non
248 2435 358 2498 tamen
391 2433 521 2498 omnino
555 2433 671 2498 desunt
694 2455 777 2518 quae
806 2433 984 2498 etiamnum
1007 2434 1134 2500 utiliter
1158 2437 1285 2502 moneri

11 2546 14 2556 '
136 2567 229 2632 posse
252 2545 431 2611 videantur.
457 2544 502 2609 Et
525 2545 667 2631 primum
691 2544 820 2631 quidem
844 2545 880 2609 in
901 2545 952 2609 his
978 2547 1175 2611 carminibus
1188 2570 1283 2614 voca-

136 2658 288 2723 bulorum
320 2657 554 2743 orthographia
590 2657 734 2722 nondum
769 2656 817 2720 ita
848 2657 1018 2722 emendata
1049 2661 1108 2739 est,
1138 2662 1175 2723 ut
1199 2659 1283 2724 nihil

136 2772 297 2856 agendum
321 2770 470 2855 supersit.
508 2768 594 2835 Nam
617 2768 811 2834 novissimus
835 2769 965 2854 quidem
988 2771 1091 2835 editor
1115 2771 1283 2837 Aucusrus

136 2883 354 2962 Brauniacum,
391 2885 429 2947 ut
462 2882 647 2946 universam
678 2902 747 2945 rem
779 2881 860 2946 bene
884 2881 1136 2962 administravit,
1160 2883 1207 2948 ita
1231 2884 1282 2948 his

136 3018 263 3082 quoque
287 2995 435 3060 minutiis
460 3017 591 3081 operam
615 2993 783 3079 impendit,
809 2993 863 3057 sed
887 2995 925 3056 ut
948 2993 1020 3059 fieri
1036 2995 1163 3073 assolet,
1179 3017 1282 3081 pauca

136 3109 293 3196 quaedam
317 3108 425 3173 virum
449 3108 638 3192 diligentem
662 3128 699 3171 ac
715 3105 857 3192 peritum
869 3105 1118 3189 praeterierunt.
1140 3107 1192 3171 Ita
1204 3130 1233 3171 v.
1254 3129 1281 3172 c.

138 3244 211 3288 cum
246 3221 282 3286 in
317 3220 446 3304 hymnis
481 3220 519 3284 in
554 3218 740 3305 Apollinem
775 3220 862 3282 reete
892 3217 1025 3281 nomina
1059 3214 1284 3308 Παρνησός,

137 3321 366 3418 Κηφισίδος,
391 3327 530 3417 λίμνης
555 3332 638 3417 (102
655 3362 696 3386 --
713 3329 796 3415 280)
822 3325 944 3414 Κρίση
968 3330 1000 3392 et
1015 3327 1283 3415 Κρισαῐοςιυιυ

136 3444 234 3509 litera
259 3443 406 3508 sibilanti
429 3444 595 3523 scriberet,
619 3443 703 3512 male
728 3440 849 3526 Hymn.
879 3438 914 3503 H
939 3440 982 3504 62
1000 3471 1038 3494 --
1055 3440 1122 3503 240
1147 3440 1284 3505 retinuit

137 3549 354 3642 Κηφισσόν,
380 3554 446 3620 297
463 3585 505 3609 ==
520 3553 586 3619 475
612 3533 811 3630 Κνωσσόν,
834 3549 862 3629 Ι,
887 3550 930 3614 58
956 3548 1104 3631 κνίσση,
1121 3550 1283 3636 quaesiu-

136 3668 215 3753 gula
239 3667 385 3753 pluribus
409 3667 559 3753 persequi
581 3667 716 3751 longum
740 3667 871 3729 estnec
895 3664 1124 3729 necessarium:
1143 3665 1284 3750 digitum

136 3779 314 3846 intendisse
338 3779 417 3844 satis
440 3781 517 3844 estc.
544 3777 635 3843 Idem
659 3799 732 3842 oum
757 3776 871 3842 ceteris
896 3777 1045 3842 omnibus
1061 3776 1088 3857 I,
1105 3778 1168 3842 141
1184 3779 1285 3844 edidit

183 3978 316 4050 ἄλλοτε
339 3983 410 4068 μέν
434 3984 466 4049 τ’
491 3974 553 4049 ἐπί
575 3977 736 4050 Κύνθου
761 3974 937 4066 ἐβήσαο
960 3975 1235 4060 παιπαλόεντος

137 4191 202 4255 etsi
223 4191 302 4254 satis
326 4194 453 4255 constat
484 4190 607 4276 epicam
630 4188 769 4254 formam
801 4185 1044 4251 intransitivum
1068 4189 1184 4254 tertiae
1207 4212 1283 4275 per-

1 4311 2 4336 *
139 4325 237 4368 sonae
259 4324 326 4368 esse
358 4298 530 4387 ἐβήσετο,
559 4304 597 4365 ut
633 4291 797 4378 ἐδύσετο,
829 4299 939 4384 itaque
972 4301 1110 4365 secunda
1133 4324 1281 4387 persona,

137 4436 220 4501 quae
243 4414 304 4478 hoc
328 4413 425 4477 unico
448 4413 517 4478 loeo
541 4412 708 4478 invenitur
735 4449 776 4458 -
801 4410 926 4496 primae
949 4413 1054 4476 metro
1074 4410 1202 4479 heroico
1217 4414 1282 4478 ini·

138 4528 240 4594 micae
264 4526 444 4612 exemplum
456 4527 582 4594 nullum
600 4547 667 4594 esse
679 4527 792 4612 sponte
805 4528 939 4611 apparet
954 4561 995 4572 -
1011 4526 1103 4589 sonet
1115 4521 1136 4591 ἐ
1139 4519 1172 4613 β
1177 4526 1282 4611 ήσεο

1127 4637 1147 4702 5
