3054 5312
782 265 902 351 (12)

265 465 298 528 et
321 485 348 529 π
372 462 451 539 203,
475 481 557 544 quae
586 457 663 523 olim
692 456 811 540 scripta
843 448 973 518 ΠΕΡΙ
977 440 1140 517 ΟΣΙΟΝ
1167 443 1260 507 haud
1286 441 1355 507 scio
1379 465 1420 506 an

261 572 368 658 potius
391 571 427 635 in
451 563 714 660 περιούσιον
737 564 923 650 refingenda
946 560 1068 625 fuisset.

312 751 351 818 H
379 754 436 818 12:
466 746 612 842 Ἕκτωρ
640 740 674 817 δ’
705 747 866 830 Ἠιονὴα
894 740 994 832 βάλ’
1026 782 1072 792 -
1096 738 1196 808 λύσε
1222 731 1271 806 δὲ
1297 746 1417 831 γυῖα.

263 863 366 930 Schol.
398 863 480 929 Ven.
513 861 752 953 Ἀριίςαρχος
778 852 910 926 λύντο
945 846 990 920 δὲ
1013 861 1128 944 γυῖα.
1155 849 1299 916 Omnem
1324 851 1419 914 fidem

261 996 409 1061 superare
432 974 513 1038 mihi
536 973 672 1051 videtin,
697 967 931 1045 Aristarchum,
956 965 1143 1062 diligentem
1155 961 1328 1027 Homerici
1340 984 1415 1026 usus

262 1086 506 1162 observatorem,
542 1084 589 1148 sic
623 1083 654 1147 h.
692 1083 712 1146 l.
739 1080 876 1145 scribere
899 1077 1047 1164 potuisse.
1087 1073 1197 1140 Potius
1224 1072 1418 1138 crediderim

263 1194 346 1261 hano
373 1193 614 1258 annotationem
636 1190 795 1277 pertinere
819 1189 859 1253 ad
883 1209 928 1252 vs.
958 1188 1015 1251 16:

349 1371 370 1444 ὁ
396 1367 430 1444 δ’
456 1372 497 1458 ἐξ
522 1372 645 1444 ἵππων
669 1364 850 1464 χαμάδις
875 1373 965 1450 πέσε,
988 1367 1123 1439 λύντο
1148 1360 1193 1437 δέ
1219 1378 1344 1462 γυῖα,

266 1565 303 1626 ut
331 1561 435 1647 ipsam
474 1557 655 1625 Aristarchi
687 1557 856 1623 lectionem
891 1557 938 1621 ibi
979 1555 1069 1641 sequi
1104 1561 1257 1643 putemus
1297 1558 1420 1623 codices
1507 1601 1508 1626 τ

264 1678 400 1752 nostros,
429 1673 526 1738 fuisse
555 1676 662 1736 autem
691 1671 726 1735 in
762 1669 901 1735 editione
926 1668 1104 1735 Zenodotea
1127 1664 1214 1735 λύσε
1244 1660 1287 1737 δὲ
1316 1677 1419 1760 γυῖα,
1507 1725 1508 1728 ,

261 1784 528 1871 quemadmodum
551 1783 587 1848 in
611 1805 654 1847 vs.
685 1784 737 1847 12.

316 1954 357 2022 H
380 1957 460 2022 103:
502 1994 504 2002 ‚

366 2106 418 2202 ὧς
442 2118 519 2210 ἄρα
545 2123 728 2210 φωνήσας
752 2113 1021 2190 κατεδύσετο
1049 2119 1180 2212 τεύχεα
1206 2122 1324 2192 καλά.

316 2251 368 2316 En
401 2251 572 2316 lectionem
606 2273 678 2317 vere
714 2251 895 2329 absurdam,
928 2253 964 2316 in
998 2275 1062 2337 qua
1093 2252 1260 2319 neminem
1285 2255 1421 2320 haesisse

270 2364 362 2433 valde
386 2363 493 2428 miror.

315 2472 511 2549 Quantocius
535 2473 657 2558 corrige
682 2464 927 2552 ἐνεδύσετο,
952 2474 1076 2540 collatis
1100 2475 1187 2541 hisce
1213 2472 1310 2545 locis:

317 2619 354 2688 B
380 2619 461 2687 575:
489 2616 538 2690 ἐν
562 2611 594 2688 δ
618 2618 737 2700 αύτὸς
762 2613 944 2689 ἐδύσετο
968 2621 1121 2715 νώροπα
1145 2621 1317 2714 χαλκόν,

320 2763 356 2832 Β
393 2767 453 2833 42:
489 2763 669 2854 μαλακὸν
692 2759 727 2834 δ’
753 2761 930 2838 ε’νέδυνε
953 2774 1121 2860 χιτῶνα,

318 2911 359 2979 K
390 2914 455 2984 212,
489 2903 646 2982 ἔνδυνε
671 2911 754 3005 περὶ
778 2915 965 3000 στήθεσσι
989 2919 1156 3007 χιτῶνα,

320 3061 362 3126 Σ
385 3061 466 3126 736:
492 3059 513 3144 η’
538 3053 579 3128 δὲ
605 3062 739 3150 χιτῶν’
765 3054 934 3133 ἐνδῦσα
963 3063 1069 3145 Διός,

324 3205 355 3274 Θ
380 3207 460 3273 387:
491 3202 667 3277 ὅπλοισιν
693 3207 760 3278 ε’νί
784 3203 1000 3282 δτεινοῖσιν
1024 3205 1193 3297 ἐδύτην,

325 3351 362 3420 Ψ
386 3354 467 3420 131:
493 3347 541 3424 ἐν
563 3353 764 3444 τεύχεσσιν
789 3349 964 3433 ἔδυνον,

275 3502 307 3566 et
331 3500 377 3566 sic
400 3500 518 3586 ubique
542 3522 666 3566 summa
690 3506 878 3571 constantia.

324 3675 365 3743 Η
385 3679 467 3744 417:
675 3681 738 3752 τοὶ
762 3675 798 3751 δ’
821 3682 1032 3772 ὡπλίζοντο
1064 3689 1153 3778 μάλ’
1177 3677 1258 3762 ὦκα
1507 3749 1508 3798 ,

277 3785 510 3880 ἀμφότερον,
536 3792 698 3872 νέκυας
722 3797 753 3860 τ’
778 3793 928 3888 α’γέμεν,
954 3801 1073 3894 ἕτεροι
1098 3797 1139 3892 δὲ
1161 3805 1252 3892 μεθ’
1278 3802 1380 3890 ύλην,
1507 3801 1508 3852 ³

278 3901 445 3993 Ἀργέιοι
471 3893 504 3968 δ’
531 3899 713 3994 ἑτέρωθεν
738 3904 955 3999 ἐυσσέλμων
980 3910 1054 3984 α’πὸ
1078 3918 1190 3999 νηῶν.

280 4009 511 4104 [ὠτρύνοντο
535 4015 667 4097 νέκυς
691 4015 724 4085 τ’
749 4017 897 4113 ἀγέμεν,
921 4023 1039 4118 ἕτεροι
1063 4017 1103 4094 δὲ
1126 4027 1215 4116 μεθ’
1240 4026 1362 4114 ύλην.]

325 4179 377 4246 Ita
400 4181 478 4247 haec
501 4184 663 4266 ediderim,
680 4194 806 4255 mutata
829 4193 1087 4279 interpunctione
1110 4199 1143 4260 et
1166 4197 1291 4263 reddito
1303 4194 1420 4262 'ultimo
1507 4239 1508 4252 .

277 4313 371 4358 versu
399 4292 632 4380 interpolatori,
661 4322 756 4384 quem
784 4307 909 4386 praeter
932 4308 1036 4370 cetera
1060 4308 1168 4393 arguit
1191 4307 1308 4374 Aecus.
1334 4307 1419 4371 Plur.
1507 4347 1508 4386 ,

278 4403 390 4482 νέκυς
413 4392 471 4490 pro
494 4407 643 4489 νέκυας.
669 4409 817 4478 Ceterum
840 4414 923 4481 facio
948 4437 1020 4482 cum
1043 4418 1083 4482 iis
1107 4421 1163 4506 qui
1186 4423 1295 4486 totum
1318 4419 1422 4482 locum

280 4512 321 4584 H
342 4516 524 4584 313-482
549 4522 590 4588 ab
614 4524 749 4612 antiqua
771 4526 872 4597 ssiade
895 4529 1036 4599 alienum
1059 4554 1126 4600 esse
1149 4535 1291 4601 censent.
1330 4529 1424 4595 Plura
