3054 5312
754 265 876 352 (56)

215 456 291 522 dam
321 456 563 542 grammaticae,
595 475 733 539 quarum
764 453 901 539 primam
934 454 1064 520 inslilui
1087 454 1173 519 eirea
1196 476 1291 520 usum
1314 477 1369 521 vo-

216 568 403 633 cabulorum
435 587 687 651 synonymorum
717 559 935 634 ΒΡΟΊὈΣ
969 569 1003 630 el
1041 562 1147 632 eNH
1148 559 1253 634 1¹02
1284 567 1368 652 apud

222 678 408 744 Homerum.

268 790 327 861 Od.
355 809 391 882 γ,
419 790 436 853 1
463 811 549 875 sqq.:

267 923 418 1004 Ἠέλιος
442 916 664 1016 δ’άνόρονσε
688 919 809 992 λιπὼν
834 917 1057 1013 περικαλλέα
1082 916 1235 1008 λίμνην,

268 1032 437 1128 οὐρανὸν
462 1033 503 1116 ἐς
528 1031 784 1125 πολύχαλκον,
810 1029 861 1101 ἵν’
885 1029 1173 1100 ἀθανάτοισι
1199 1033 1356 1120 φαείνοι

269 1143 337 1214 καὶ
362 1145 577 1229 θνητοῖσι
602 1140 851 1236 βροτοῖσιν
877 1137 937 1212 ἐπὶ
963 1134 1143 1230 ζείδωρον
1167 1141 1347 1236 άροοραν.

270 1297 302 1356 η,
329 1274 411 1338 210:

945 1379 992 1449 ου’
1015 1381 1089 1474 γάρ
1115 1377 1230 1475 ἔγωγε

271 1492 561 1565 ἀθανάτοισι
588 1496 758 1573 τέτοινα,
784 1491 845 1562 τοί
870 1489 1040 1584 οὐρανὸν
1063 1488 1174 1584 εὐρὺν
1196 1486 1363 1584 ἔχουσιν

273 1605 319 1676 οδ
343 1598 467 1692 δέμας
492 1596 580 1673 οὐδὲ
607 1604 720 1691 φαίην,
752 1600 851 1673 άλλά
876 1605 1095 1687 θνητοῖσι
1119 1600 1372 1696 βροτοῖσιν.

208 1732 210 1738 ’
269 1763 312 1826 μ,
338 1739 420 1804 386:

270 1864 361 1952 ἠελί
384 1853 406 1950 ἧ
429 1887 493 1933 τοι
516 1863 588 1950 μὲν
612 1861 658 1932 σε)
682 1859 765 1949 μετ’
789 1859 1081 1933 ἀθανάτοισι
1106 1862 1239 1952 φάεινε

272 1975 340 2049 καὶ
366 1978 580 2059 θνητοῖσι
603 1968 851 2065 βροτοῖσιν
876 1970 938 2041 ε’ττί
963 1966 1143 2066 ζείδωρον
1167 1971 1349 2066 ἄρουραν.

271 2125 322 2190 Ex
345 2124 450 2190 tribus
474 2121 524 2186 his
548 2121 627 2187 loeis
652 2120 783 2205 (quibus
796 2141 945 2208 compara
959 2120 1079 2206 Hymn.
1095 2122 1155 2201 VI,
1170 2125 1229 2209 20)
1243 2127 1376 2210 apparet

225 2238 385 2324 Odysseae
418 2238 579 2300 auctorem
610 2233 677 2297 iam
708 2253 775 2295 non
807 2233 945 2317 amplius
977 2234 1152 2319 respexisse
1175 2236 1377 2320 primitivam

225 2350 374 2417 vocabuli
397 2342 541 2435 βροτός
564 2346 767 2430 ρολοελολοοι,
791 2344 911 2428 quippe
934 2345 1005 2410 nali
1029 2368 1068 2409 ex
1092 2343 1247 2435 μορτός,
1273 2369 1377 2433 neque

225 2461 327 2545 igilur
350 2453 587 2546 significatione
610 2452 727 2516 diversi
752 2449 941 2534 οθνητός.
968 2453 1179 2540 Iungilenim
1197 2458 1375 2539 θνητοῖσι

225 2567 407 2662 βροτοῖσι
432 2587 561 2654 prorsus
586 2565 695 2629 eodem
719 2565 813 2628 modo
837 2586 901 2649 quo
926 2563 985 2630 Od.
1010 2587 1045 2656 γ,
1074 2568 1151 2646 114,
1165 2568 1243 2633 alibi
1255 2591 1375 2635 κατα-

226 2683 383 2764 θνητῶν
406 2674 637 2767 ἀνθρώπων,
661 2676 708 2741 ila
731 2679 769 2740 ul
792 2675 858 2740 iam
881 2698 1010 2762 prorsus
1032 2678 1117 2743 nihil
1139 2671 1268 2744 indersil
1292 2680 1377 2744 inter

226 2788 374 2884 βροτός
406 2794 438 2856 ei
462 2785 683 2877 ἄνθρωπος.
721 2785 797 2852 Non
821 2789 925 2873 magis
949 2790 1113 2876 propriam
1135 2790 1285 2855 vocabuli
1309 2790 1374 2855 rim

225 2902 387 2990 perspexil
418 2903 475 2964 and
508 2901 591 2962 certe
623 2898 761 2983 respexit
790 2899 818 2962 is
842 2899 899 2984 qui
922 2901 1037 2984 panxil
1059 2901 1166 2967 locum
1188 2900 1300 2966 Iliadis
1325 2901 1374 2979 Σ,

228 3014 293 3079 361
321 3034 406 3099 sopp:

251 3138 435 3211 αἰνότατε
458 3129 639 3229 Κρονίδη,
664 3147 779 3207 ποῖον
803 3137 871 3209 τὸν
895 3141 1030 3228 μάθον
1055 3133 1225 3222 ε”σειιτεςς

252 3249 322 3322 καί
343 3248 417 3341 μὲν
443 3243 490 3335 δι’]
515 3247 587 3318 πού
613 3272 674 3328 τις
697 3247 825 3337 μέλλει
851 3247 1023 3340 βροτὸς
1047 3242 1165 3342 άνδρὶ
1190 3247 1373 3331 τελέσσαι,

254 3361 383 3454 ὅςπερ
408 3357 580 3444 θνητός
605 3359 638 3425 τ’
665 3356 736 3444 ε’ςι
762 3360 831 3428 καί
857 3383 901 3428 ov
927 3357 1025 3429 τόσα
1049 3353 1172 3448 μήδεα
1199 3353 1339 3432 τοῑδεν.

228 3526 292 3592 quo
323 3503 405 3568 leelo
438 3501 555 3586 aliquis
587 3499 713 3564 cavebis
745 3523 764 3562 a
797 3501 1009 3584 comparando
1046 3523 1118 3566 oum
1146 3501 1224 3566 loeis
1249 3501 1313 3567 illis
1338 3524 1375 3567 ex

229 3615 370 3698 Odyssea
395 3611 501 3676 ollulis
525 3605 680 3697 νεκροὺς
706 3611 927 3692 τεθνηῶτας
952 3613 1135 3702 similesque
1159 3614 1244 3700 apud
1255 3613 1374 3680 Home·

227 3747 299 3788 rum
323 3719 547 3786 abundantias.
575 3717 699 3805 Neque,
725 3720 849 3804 opinor,
876 3725 1016 3809 respexit
1038 3725 1078 3803 is,
1102 3725 1159 3812 qui
1175 3725 1296 3790 ibidem
1309 3726 1374 3790 539

227 3834 265 3898 de
289 3830 497 3896 bellaloribus
523 3852 541 3893 a
566 3829 713 3893 Vulcano
737 3830 773 3894 in
796 3835 887 3897 scuto
911 3832 1048 3899 Achillis
1073 3834 1185 3900 officiis
1209 3835 1339 3902 cecinit:

321 3964 484 4057 ὡμίλευν
510 3958 545 4034 δ’
573 3963 643 4052 ῶςε
668 3961 778 4050 ζωοί
799 3965 962 4061 βροτοί
986 3962 1043 4055 ἠδ’
1070 3966 1270 4061 ἐμάχοντο

226 4101 277 4166 vel
309 4098 347 4164 Il.
385 4095 432 4176 Ψ,
466 4098 547 4162 331:
583 4096 603 4180 ἢ
637 4119 696 4164 τεο
731 4100 844 4189 σῶμα
879 4098 1070 4191 βροτοῖο
1094 4098 1215 4170 πάλαι
1240 4124 1373 4171 κατα-

227 4209 488 4292 τεθνηῶτος
781 4205 787 4215 “

226 4323 276 4388 vel
300 4320 340 4384 Il.
365 4311 417 4396 Ω,
442 4318 499 4396 43,
524 4317 581 4382 ubi
605 4322 653 4383 esi
677 4319 715 4384 de
738 4318 843 4383 leone:

250 4444 294 4528 ὃς
318 4441 352 4512 τ’
378 4440 459 4512 ἐπεί
479 4439 528 4535 άρ
551 4440 694 4535 μεγάλη
720 4468 757 4510 τε
781 4441 852 4535 βιή
877 4442 944 4513 καί
970 4444 1131 4541 ἀγήνορι
1156 4450 1270 4542 θυμῷ

235 4557 381 4642 -τείξας
402 4546 473 4625 εἶσ’
500 4552 561 4630 ἐπὶ
585 4551 698 4645 μῆλα,
723 4550 904 4646 βροτῶν
929 4552 997 4632 ἵνα
1022 4549 1142 4630 δαῖτα
1167 4555 1353 4658 λάβῃσιν,
