3054 5312
666 277 763 362 (5)

142 465 200 544 vel,
236 467 263 529 si
292 469 480 552 pronomine
505 489 610 534 carere
639 465 733 544 nolis,
756 461 870 531 ὅσσα
895 468 928 528 et
951 453 1026 529 οἷά
1048 465 1089 550 μ’
1114 457 1276 553 ἔρεξας.

143 573 180 641 Φ
212 576 278 642 583
311 563 334 661 ἦ
364 570 505 664 δήπου
538 572 638 665 μάλ’
664 568 870 654 ε”τολπας
901 573 987 639 Fort.
1014 559 1035 657 ἦ
1059 563 1104 658 δή
1128 595 1201 641 που
1228 569 1279 640 σὺ

142 682 370 768 τέτολπας
406 695 438 756 et
472 689 516 756 X
550 689 631 754 216:
682 688 755 756 νῦν
790 671 835 770 δὴ
877 685 955 756 νῶί
985 684 1019 776 γ’
1056 677 1221 752 ε”τολπα
1256 685 1278 750 l.

140 793 348 867 τέτολπα.
391 799 428 868 Ψ
458 802 522 866 107
558 793 797 880 ἐπέτελλεν,
835 788 989 864 ε”τικτο
1018 797 1039 860 l.
1068 792 1278 882 ἐπέτελλε,

139 910 334 978 τέτικτο.
360 905 401 978 Ω
416 913 481 977 595
507 907 594 978 ὅστ’
620 907 830 987 έπέτοικεν,
865 910 887 974 l.
923 904 1037 976 ὅσσα
1064 907 1278 978 τέτοικεν

137 1015 233 1084 Plura
269 1024 376 1086 autem
411 1023 444 1087 id
479 1044 581 1108 genus
616 1022 695 1088 vitia
730 1020 820 1086 nullo
843 1020 972 1105 negotio
996 1021 1113 1106 corrigi
1136 1024 1279 1106 possunt.

137 1127 302 1195 Nonnulla
313 1131 378 1196 iam
389 1134 499 1218 tetigit
511 1133 648 1199 (lobetns
660 1133 696 1198 in
708 1130 914 1216 Mnemosyne
929 1131 1029 1209 1874,
1041 1152 1114 1217 pag.
1131 1133 1194 1196 201
1206 1153 1279 1216 sqq.

136 1309 171 1377 Γ
196 1312 279 1378 451:
306 1309 388 1379 αλλ’
412 1311 518 1393 οὔτις
542 1304 687 1382 δύνατο
707 1309 845 1403 Τρώων
857 1307 1012 1379 κλεϊτῶν
1025 1312 1057 1376 τ’
1072 1308 1280 1403 ἐπικούρων

309 1414 432 1504 δεῖξαι
459 1415 716 1514 Ἀλέξανδρον
734 1419 804 1490 τότ
826 1417 949 1512 J'quc
975 1417 1072 1512 φίλῳ
1087 1417 1278 1514 Μενελάῳ,

310 1530 356 1602 οὐ
367 1534 444 1621 μὴν
457 1531 532 1627 γάρ
544 1528 770 1625 φιλότητι’γ’
785 1528 1009 1607 ἐκεύθανον,
1021 1529 1057 1598 εί
1066 1554 1127 1611 τις
1141 1523 1277 1612 ἴδοιτο,

312 1651 428 1714 τῖσον
451 1643 525 1738 γάρ
550 1669 646 1733 σφιν
664 1647 786 1713 πᾶσιν
799 1639 997 1734 ἀπήχθετο
1009 1641 1095 1733 κηρὶ
1105 1641 1278 1733 μελαίνῃ.

181 1789 347 1858 Sententia
370 1795 402 1856 et
425 1793 636 1877 grammatica
655 1793 835 1879 postulant:

143 1932 184 2004 οὐ
195 1934 271 2024 μὴν
295 1935 369 2029 γαρ
390 1932 572 2024 φιλότητί
590 1935 626 2031 y'
652 1934 845 2006 ε”κεοθον
868 1932 990 2015 ἄνελ’
1013 1958 1059 2002 τε
1078 1925 1279 2004 τίδοντο.

189 2079 280 2147 »Non
304 2081 391 2147 enim
414 2104 491 2148 sane
513 2086 644 2169 propter
660 2083 835 2148 amicitiam
846 2082 994 2148 Paridem
1005 2081 1135 2146 Troiani
1147 2081 1281 2145 abscon-

144 2190 266 2270 dissent,
295 2193 322 2257 si
347 2216 420 2258 eum
443 2195 630 2260 vidissent.'’
656 2217 721 2279 qua
744 2195 965 2260 emendatione
989 2192 1084 2258 simul
1107 2193 1281 2257 liberamur

140 2325 234 2386 pravo
265 2304 362 2370 verbo
386 2303 563 2373 κεοθίινω
576 2303 619 2391 *),
643 2305 729 2391 quod
753 2305 831 2370 alibi
855 2327 1014 2391 nusquam
1037 2306 1197 2389 repertum
1222 2306 1279 2368 est.

182 2489 218 2554 A
255 2490 298 2553 26
327 2513 385 2575 pro
419 2490 552 2562 θεῖναι
574 2493 686 2557 malim
710 2491 883 2580 θέμεναι,
908 2497 945 2557 ut
969 2491 1120 2557 scribitur
1143 2491 1213 2557 loco
1237 2492 1280 2556 si-

135 2602 269 2668 millimo
293 2625 337 2667 vs.
366 2604 408 2668 57
434 2606 467 2668 et
489 2626 564 2670 mox
588 2627 635 2669 vs.
662 2603 704 2669 65
729 2605 862 2689 legerim
885 2601 1045 2690 ἐλθέμεν
1068 2626 1125 2690 pro
1140 2593 1279 2671 ἐλθεῖν.

135 2713 260 2779 Similia
295 2715 408 2794 multa,
444 2738 526 2801 quae
561 2716 707 2802 pluribus
735 2716 881 2801 persequi
905 2716 988 2780 nihil
1012 2717 1140 2794 attinet,
1163 2715 1281 2802 corrigi

133 2831 268 2911 possunt
291 2830 324 2891 et
348 2826 465 2892 debent
488 2828 523 2893 in
545 2827 739 2893 carminibus
764 2827 952 2893 Homericis.

183 2991 219 3057 A
244 2991 310 3056 318
336 3013 404 3077 sqq.
430 2990 511 3057 Cum
535 2991 596 3056 hoc
619 2992 689 3056 loco
706 2991 842 3076 aliisque
855 2991 1081 3077 compluribus,
1095 2991 1151 3055 ubi
1164 2990 1282 3058 Nestor

133 3123 209 3166 cum
243 3099 335 3185 gravi
371 3099 527 3165 desiderio
550 3105 706 3164 memorat
729 3100 906 3164 iuventutis
931 3122 1006 3164 suae
1030 3099 1182 3177 facinora,
1208 3077 1281 3185 apte

132 3213 366 3299 comparaveris
390 3211 656 3298 Shalrespearium
678 3212 714 3276 in
737 3211 847 3276 fabula
871 3213 960 3298 Κίος
983 3213 1125 3276 Riobocd
1136 3211 1180 3290 ΙΙ,
1204 3212 1277 3278 Act.

132 3325 177 3404 Π,
205 3347 247 3390 sc.
275 3327 295 3388 3
320 3324 414 3404 med.‚
439 3324 495 3389 ubi
519 3324 565 3388 sic
589 3323 694 3389 York:

236 3433 322 3500 Werc
347 3435 373 3498 I
393 3437 447 3499 bot
470 3458 537 3499 noco
562 3435 611 3500 tto
636 3437 706 3500 lond
728 3436 768 3521 of
787 3435 859 3499 εαολ
883 3435 935 3498 bot
956 3433 1061 3519 pontt,

227 3545 276 3612 Ac
298 3547 384 3612 when
408 3547 457 3611 tn
481 3549 574 3612 brace
599 3545 706 3612 Gonni
730 3547 783 3632 thy
801 3545 912 3633 sother
936 3546 1001 3608 ond
1022 3546 1138 3630 mysclf

227 3659 364 3724 Εεεοαεί
385 3659 437 3723 tte
459 3659 562 3724 Black
585 3659 713 3737 Princo,
739 3659 807 3722 ctat
828 3680 930 3743 pocnp
954 3656 1047 3720 More
1070 3657 1108 3742 of
1127 3680 1208 3736 men,

227 3770 324 3835 From
341 3769 435 3856 forth
459 3771 509 3835 en
533 3773 628 3836 νοτία
652 3772 692 3858 of
710 3793 805 3854 many
828 3768 983 3832 thousand
1005 3767 1134 3833 Franci.

182 3970 217 4036 A
240 3970 321 4034 403.
357 3965 570 4048 Καπανεύς.
608 3969 679 4036 Ηοο
702 3990 819 4034 nomen
842 3967 1007 4052 proprium
1030 3989 1096 4033 non
1120 3968 1278 4033 diversum

128 4083 259 4148 videtur
282 4080 324 4144 ab
347 4079 540 4164 appellativo
553 4079 776 4157 σκαπανεὺς.
804 4076 851 4142 Of.
866 4073 1278 4158 naner69=oxanscog

165 4329 196 4387 ⁴¹)
213 4329 359 4379 Rectissime
381 4313 561 4380 animadvertit
579 4325 696 4375 Neberus
717 4325 824 4376 formam
846 4309 970 4376 κευδάνω
987 4338 1101 4389 pugnare
1116 4337 1175 4372 cum
1191 4324 1274 4374 analo·

129 4426 185 4489 gia,
202 4441 266 4491 quae
281 4415 422 4493 requireret
437 4405 573 4472 κυνδάνω·
597 4424 635 4472 of.
646 4422 782 4492 τυγχάνω,
795 4411 977 4491 πυνθάνομαι,
987 4423 1080 4473 similia
1087 4421 1173 4470 inulta.
1189 4421 1277 4471 Unum

127 4535 216 4574 tamen
239 4526 322 4577 afferri
344 4532 427 4594 potest
447 4499 563 4571 ληθάνει
602 4522 681 4590 ΟΜ
705 4525 760 4584 221,
778 4524 799 4575 si
815 4540 845 4577 ee
860 4525 934 4575 lectio
951 4539 1012 4574 sane
1027 4529 1066 4574 cst
1081 4536 1125 4571 nco
1133 4521 1244 4572 mutanda
1252 4521 1277 4569 in

127 4612 268 4678 λανθάνει.
