3054 5312
753 319 874 405 (22)

239 508 289 572 vel
315 504 408 572 Nem.
432 504 492 586 IX,
517 503 577 570 45:
604 492 690 570 ov'de‘
716 502 893 594 Κρονίων
917 497 1143 591 οέςεροπιέν
1168 495 1384 581 ἐλελίξαις

918 610 1076 680 οἴκοθεν
1098 623 1385 704 μαργουμένους

350 726 414 810 ςει
411 746 502 815 χειν
526 721 708 815 ἑπώτρυν
733 717 829 790 α’λλοὶ
853 720 1070 811 φείσασθαι
1094 717 1282 802 κελεύθου,

245 890 404 976 veleth.
418 888 463 970 H,
478 889 515 955 7.
529 888 654 979 φέρων
666 880 1389 1050 με’λοςέρχομαιἀγχελιαντετραορίας
1501 869 1502 914 ³

294 997 616 1091 ἐλελίχθονος7

292 1184 456 1250 Scrnocnn
478 1184 557 1270 qnid
580 1184 767 1250 faciemus
757 1207 793 1249 111
816 1182 895 1250 Ant‘
871 1188 984 1270 tigona
1007 1204 1053 1248 vs.
1083 1181 1148 1247 154
1173 1175 1322 1246 scribent
1313 1197 1338 1239 1:

373 1354 394 1424 ὁ
423 1351 560 1444 &tisias
585 1347 619 1424 δ’
645 1353 900 1447 ἐλελίχθων
924 1353 1110 1444 Βάκχιος
1134 1350 1257 1446 ἄρχοι

247 1537 305 1622 qui
328 1555 437 1600 versus
462 1537 548 1599 certa
571 1535 793 1600 emendatione
816 1535 864 1600 ita
888 1537 1047 1600 correctns
1070 1536 1119 1598 est
1138 1554 1178 1597 ex
1190 1524 1395 1598 annotatione

249 1645 444 1712 scholiastae
467 1665 524 1729 per
547 1645 797 1735 κινησίχθων
821 1645 1012 1730 explicantis
1036 1645 1122 1730 quod
1145 1644 1181 1708 in
1199 1631 1394 1718 codicelegi·

248 1760 302 1822 tnr
325 1750 545 1838 ε’λελίζωνῗΓ

294 1919 474 2005 Utrumque
497 1941 572 1984 vero
596 1922 724 2004 poetam
748 1921 862 1987 merito
886 1921 1042 2008 appellari
1066 1923 1218 2008 sequiora
1226 1923 1395 2008 poetastroc
1504 1887 1505 1934 4

247 2053 350 2118 neque
381 2029 520 2096 Oobetns
481 2031 635 2096 nsserio
660 2032 840 2112 contendet,
873 2057 932 2100 nec
964 2033 1169 2102 contendenti
1193 2032 1290 2097 fidem
1311 2022 1395 2111 quis·

247 2166 346 2228 quam
369 2142 511 2207 habebit.

297 2253 389 2329 Quod
412 2253 485 2317 ad
476 2274 582 2338 1psum
606 2250 841 2317 Homerumt
806 2253 935 2333 attinet,
960 2255 1045 2339 apud
1069 2276 1166 2340 quem
1185 2239 1398 2328 ambomagni

250 2364 354 2429 critici
382 2362 472 2428 verbi
507 2357 684 2444 ε”λελιζειν
717 2366 840 2427 certum
871 2367 996 2428 exstare
1026 2365 1200 2450 vestigium
1230 2355 1397 2448 negamnt

249 2496 315 2560 qua
339 2496 397 2559 par
420 2477 468 2538 est
491 2472 646 2537 modestia
669 2473 766 2537 liceat
789 2471 870 2537 mihi
893 2473 1076 2558 significare
1101 2475 1179 2539 daos
1203 2478 1399 2538 lamanasse

249 2585 347 2663 locos,
370 2584 428 2669 qui
452 2583 637 2669 scrupulum
668 2582 749 2646 mihi
780 2583 925 2648 iniciant.
953 2583 1097 2675 Quorum
1120 2585 1202 2650 alter
1225 2588 1275 2650 est
1298 2578 1398 2666 splen-

250 2695 343 2762 didus
367 2695 422 2760 ille
446 2695 535 2759 locus
559 2694 595 2759 in
618 2692 729 2758 Iliadis
753 2692 790 2760 A
814 2684 897 2760 530:

300 2870 525 2965 ἀμβρόσιαι
551 2865 587 2942 δ’
612 2869 691 2968 ἄρα
714 2881 862 2963 χαῖται
885 2872 1147 2966 ἐπερρώσαντο
1172 2873 1370 2948 τάνακτος

296 2981 440 3077 κρατὸς
464 2981 529 3052 ἀπ’
555 2981 789 3060 ἀθανάτοιο,
806 2995 932 3078 με’γαν
945 2977 979 3052 δ’
993 2977 1399 3078 ε’λίλιξενὊλυμπυν

252 3095 313 3183 (Of.
340 3095 371 3162 Θ
404 3096 470 3160 199
505 3099 537 3161 ο7
560 3095 670 3180 hymn.
697 3093 857 3175 XXVIII,
883 3097 930 3181 9),
955 3097 1013 3161 nbi
1036 3091 1133 3161 serbo
1156 3095 1222 3161 iam
1246 3087 1401 3178 antiquis·

249 3209 331 3274 simo
364 3229 442 3272 aevo
473 3207 631 3272 tributam
661 3227 729 3271 esse
760 3228 827 3270 non
857 3209 1051 3272 convertendi
1081 3229 1105 3272 s.
1136 3205 1356 3295 contorqueadi
1377 3221 1399 3263 s.

251 3319 490 3384 οίειυυιυοεοιιιίί
513 3317 679 3381 notionem
691 3317 745 3381 sed
763 3317 943 3402 quassandi,
958 3320 1158 3397 concutiendi,
1171 3310 1400 3406 tremefaciendi

251 3431 441 3495 documento
465 3432 513 3494 est
536 3429 625 3493 locus
649 3427 725 3492 inde
750 3447 916 3513 expressus
941 3449 960 3491 a
983 3426 1401 3516 poetareoentiorequidem

252 3542 306 3606 sed
330 3546 440 3605 tamen
463 3539 557 3603 valde
580 3536 715 3622 antiquo
739 3537 778 3602 Il.
808 3536 839 3603 θ
863 3537 995 3630 443τῴ
1010 3529 1400 3629 δ’ὑπὸποσσλμέγαέ

252 3645 498 3739 πελεμίζετ’
524 3643 737 3737 Ὄλυμπος.
770 3647 885 3736 Neque
917 3651 1011 3717 aliter
1042 3652 1203 3718 intellexit
1228 3647 1401 3738 Vergilius,

253 3764 334 3829 Aen.
368 3761 428 3841 VI,
464 3761 530 3825 804
563 3764 690 3825 vertens
722 3771 751 3825 et
783 3772 881 3826 totam
905 3775 983 3827 nata
1006 3783 1202 3828 nasnnsncn
1229 3761 1401 3850 olympam,

252 3876 462 3962 reprehensus
485 3872 605 3937 idcirco
629 3893 649 3935 a
672 3869 831 3952 Dawesio,
857 3875 909 3938 cui
933 3877 1077 3941 nondum
1099 3877 1193 3941 licuit
1212 3880 1333 3941 'contra
1356 3865 1401 3934 af·

236 3979 335 4051 ‘ferre
358 3984 465 4048 locum
485 3979 646 4046 Ciceronis
670 3980 709 4044 de
733 3979 911 4066 Republica
938 3985 968 4061 l,
993 3985 1011 4069 ξ
1038 3984 1093 4061 56,
1119 3987 1173 4070 qui
1195 3996 1284 4063 autc,
1308 3993 1343 4045 at
1359 3975 1403 4040 ait

253 4097 419 4172 Homerus,
443 4105 543 4160 totam
571 4089 736 4177 Olympum
761 4111 995 4172 convalescens,
1019 4085 1275 4180 quisaneloens,
1288 4092 1402 4180 quippe

253 4209 427 4294 abhorrens
458 4227 478 4269 a
510 4202 637 4288 vulgari
669 4201 942 4288 interpretatione,
976 4210 1024 4270 est
1045 4205 1149 4297 ¹valde
1179 4175 1401 4274 memorabilis,

254 4319 403 4386 Oetenim
426 4313 649 4391 Alexandrini,
674 4319 833 4399 quantum
857 4338 874 4380 c
898 4316 1026 4381 scholiis
1044 4317 1316 4406 nostrisapparet,
1329 4334 1402 4381 oon·

254 4407 380 4519 spirant
403 4450 476 4494 cum
499 4424 646 4509 Vergilio
670 4425 866 4511 explicantes
896 4447 953 4512 per
978 4427 1094 4496 σείειν
1118 4433 1150 4494 et
1174 4435 1306 4500 κινεῖν.
1344 4420 1401 4487 Vi·

254 4547 367 4612 deatur
388 4560 517 4628 quoque
538 4538 760 4625 paraphrasta.

226 4729 228 4734 ,
297 4656 389 4721 Alter
417 4655 506 4720 locus
535 4673 631 4738 quem
660 4650 732 4715 volo
765 4655 813 4714 est
836 4649 947 4714 Iliadis
972 4649 1014 4730 X,
1039 4652 1118 4728 448,
1144 4653 1200 4717 nbi
1225 4653 1341 4717 dicitur
1364 4642 1400 4705 de
