3054 5312
757 299 767 384 λ
793 301 836 367 60
861 309 872 386 λ

535 536 660 610 ΣΩΣ
685 563 888 608 urceorum
912 563 1087 608 vooxeum.

289 765 405 831 Forma
429 769 594 830 eontracta
618 759 745 832 ΣΩΣ
769 765 863 830 hodie
887 765 988 830 sexies
1017 764 1136 849 legitur
1160 765 1245 850 apud
1270 763 1389 829 Home·

240 898 313 941 rum
334 877 430 942 semel
453 877 635 962 requirente
658 881 770 942 metro.
796 875 899 941 Loous
923 879 971 940 est
994 875 1032 939 Il.
1060 874 1112 954 X,
1138 876 1203 940 331
1230 897 1293 960 sq.:

289 1017 436 1112 Εκτορ,
460 1014 560 1111 α’τώρ
583 1043 657 1089 nov
680 1015 771 1108 ἔφης
796 1018 1013 1110 Πατροκλῆ’
1038 1016 1263 1110 ἐξεναρίζων

291 1137 383 1212 σῶς
407 1126 561 1200 ἔσσεσθ’
585 1127 663 1199 κτλ.

288 1278 405 1345 nribus
428 1280 506 1343 loeis
529 1278 650 1362 legitur
672 1279 707 1344 in
731 1279 795 1344 fine
819 1279 997 1345 hexametri
1020 1277 1063 1356 N,
1093 1279 1170 1358 773,
1196 1277 1254 1344 Od.
1270 1301 1296 1354 s,
1312 1280 1389 1359 505,

241 1413 282 1480 χ,
304 1391 363 1456 28:

500 1497 581 1604 aria⁸
593 1557 663 1622 μοι
689 1537 782 1614 σῶς
807 1531 923 1614 αἰπὺς
947 1531 1118 1627 ὄλεθρος.

242 1666 298 1730 ubi
322 1670 397 1732 ante
422 1687 586 1730 caesuram
609 1665 787 1731 bueolioam
811 1670 950 1731 metrum
972 1665 1127 1751 praefert:

476 1797 548 1862 νῦν
567 1815 637 1881 μοι
662 1791 776 1873 σόος
801 1791 918 1874 αἰπὺς
942 1791 1113 1886 ὄλεθρος.

291 1933 364 1998 Duo
388 1934 505 2018 reliqui
527 1933 591 1998 looi
615 1937 691 1998 sunt
715 1932 773 1998 od.
802 1954 831 2008 ο,
855 1934 899 1997 42
995 1959 1032 2011 π,
1061 1934 1144 1998 131;

243 2079 379 2150 οὕνεκα
406 2106 471 2148 σοι
497 2083 594 2171 (μοι)
621 2083 711 2160 σῶς
736 2077 821 2176 ἐσσί
840 2077 910 2149 καί
932 2081 971 2148 ἐκ
996 2077 1133 2150 Πύλου
1149 2077 1389 2166 εἰλήλουθας,

242 2236 300 2300 ubi
320 2235 451 2301 auribus
474 2257 601 2322 quoque
625 2235 748 2320 gratior
768 2239 816 2300 est
839 2235 943 2300 forme
967 2241 1088 2322 aperta,
1112 2259 1194 2320 quae
1218 2237 1303 2321 apud
1323 2235 1390 2300 Ho-

243 2368 367 2412 merum
397 2347 545 2432 plurimis
576 2346 655 2412 loeis
687 2350 813 2410 servata
844 2350 903 2425 est,
934 2349 1065 2412 iubente
1088 2348 1275 2433 plerumque
1298 2347 1392 2412 metri

242 2460 375 2525 ratione.
408 2460 542 2526 Formae
563 2461 608 2544 Σ
613 2453 739 2543 ΟΟΣ,
766 2453 894 2544 ΣΟΗ,
921 2453 1080 2539 ΣΟΟΝ,
1106 2452 1391 2544 Σο01,ΣοΑ

243 2576 372 2636 exstant
394 2571 433 2636 11.
459 2570 506 2650 Α,
534 2572 611 2649 117,
637 2571 716 2648 344,
743 2569 784 2649 Ε,
811 2571 890 2648 531,
919 2569 959 2650 θ,
986 2572 1065 2649 246,
1089 2568 1137 2650 Η,
1164 2571 1242 2648 310,
1260 2568 1294 2646 0,
1309 2570 1387 2648 563,

244 2683 323 2762 497,
350 2681 401 2759 Π,
428 2683 505 2760 252,
529 2683 573 2762 P,
600 2683 678 2760 367,
703 2675 754 2760 Ω,
781 2684 860 2761 382,
887 2682 944 2748 od.
972 2675 1006 2762 δ,
1033 2685 1088 2762 98,
1112 2703 1145 2761 ν,
1171 2683 1247 2747 364.

290 2795 367 2860 Non
389 2798 500 2859 tamen
524 2795 564 2860 Σ
568 2786 680 2862 0οΣ
683 2844 690 2870 ,
716 2794 770 2859 sed
795 2789 964 2874 ΣΑΟΣ,
985 2795 1082 2858 fuisse
1095 2793 1393 2859 adieetiviformam

245 2903 514 2988 antiquissimam,
546 2902 744 2966 demonstrat
776 2925 849 2966 eum
873 2905 1120 2989 comparativus,
1147 2903 1236 2968 ouius
1261 2904 1393 2968 unicum

244 3015 425 3099 exemplum
448 3014 568 3098 legitur
591 3011 630 3076 ΙΙ.
656 3011 703 3092 A,
729 3016 788 3078 32:

291 3155 371 3228 ἄλλ’
398 3158 475 3238 ἴθι,
498 3162 550 3247 μή
570 3157 610 3250 μ’
639 3154 786 3251 ἐρέθιζε
807 3160 1029 3246 σαώτερος
1054 3157 1106 3240 ὥς
1130 3144 1178 3227 κε
1193 3163 1312 3245 νέηαι,

242 3313 313 3374 tum
336 3309 469 3373 verbum
493 3301 649 3377 ΣΑΟΩ
674 3301 828 3395 (ΣΩΩ)
850 3313 883 3375 et
907 3311 1038 3374 nomina
1071 3309 1112 3374 Σ
1117 3302 1342 3378 ΑΟΦΡΩΝ
1363 3315 1393 3376 et

246 3412 512 3487 ΣΑΟΦΡΟΣ
524 3416 630 3486 ΥΝΗ.
664 3417 727 3493 Qui
758 3419 914 3505 positivus
940 3414 1095 3488 ΣΑΟΣ
1120 3424 1230 3486 utrum
1253 3421 1391 3488 Homero
1516 3407 1517 3430 λ

244 3531 422 3596 reddendus
447 3531 489 3594 sit
513 3553 613 3595 neone
638 3530 775 3596 aliorum
787 3531 906 3595 iudicio
918 3531 1002 3595 malo
1014 3533 1208 3616 permittere,
1220 3533 1282 3600 hoo
1293 3557 1392 3599 unum

246 3663 378 3706 monens
405 3637 483 3706 οώα
515 3664 582 3706 non
606 3663 673 3706 esse
702 3637 1019 3732 κακοφωνόσορον
1051 3667 1148 3728 quam
1171 3639 1310 3734 ἀγλαά,
1336 3667 1392 3710 neo

246 3747 347 3829 σάας
370 3774 468 3836 quam
493 3747 722 3842 ἀγοράασθε,
747 3753 810 3817 alia
834 3754 993 3838 permulta
1018 3756 1103 3840 apud
1126 3759 1262 3840 poetam.

293 3862 437 3927 Verbum
469 3859 577 3946 σώζω
610 3868 648 3926 ut
679 3864 720 3927 ab
752 3862 923 3929 Homerica
954 3866 1068 3951 lingua
1099 3866 1240 3930 alienum
1276 3868 1393 3954 optime

245 3974 412 4040 Nauokius
436 3973 560 4059 expulit
583 3996 622 4038 ex
648 3973 789 4059 Odyssea
813 3997 839 4054 s,
864 3976 948 4042 490:
1187 3965 1190 3970 Δ

269 4105 418 4194 σπέρμα
441 4099 559 4194 πυρὸς
585 4097 749 4186 σώζων,
777 4097 843 4170 ἵνα
865 4103 1042 4190 μήποθεν
1065 4100 1230 4173 ἄλλοθεν
1255 4106 1326 4197 αὔῃ

245 4231 407 4316 corrigens
432 4226 549 4328 σώων.
579 4228 751 4316 Perperam
774 4253 849 4296 vero
873 4231 939 4296 edit
939 4231 1039 4296 urss.
1065 4233 1094 4310 I,
1122 4233 1204 4298 393:

305 4360 351 4445 ἢν
372 4357 447 4452 γάρ
472 4350 518 4444 δή
542 4383 589 4447 με
614 4355 757 4427 σόωσι
783 4354 869 4427 θεοι
891 4382 958 4426 και
956 4325 1186 4427 'foreat’
1168 4383 1322 4450 ικωμαι

294 4489 588 4575 Obtemperendum
611 4490 698 4554 enim
721 4489 826 4555 fuerat
811 4488 971 4574 tApioni
994 4491 1121 4575 egregie
1145 4492 1334 4578 corrigenti:

528 4617 574 4705 ἢν
600 4616 674 4717 γαρ
698 4610 745 4702 δή
768 4641 815 4709 με
841 4617 985 4684 σαῶσι
1011 4614 1084 4695 κτὲ,
