3054 5312
681 391 691 412 ‚
768 305 882 390 (υ)

244 489 472 586 ζεύγνυον·
496 487 603 581 ὀμφί
620 481 661 558 δὲ
677 485 779 560 καλά
790 482 949 561 λέπαδν’
961 483 1067 570 ἕσαν,
1080 481 1121 560 έν
1133 481 1175 558 δεῖ
1185 484 1370 580 χυλίνους

243 639 424 727 recipienda
451 639 495 705 sit
522 637 612 705 varia
642 636 737 704 leotio
762 634 1024 728 ζεύγνυσαν.
1060 635 1217 703 Locorum
1239 655 1382 701 numerus

244 752 293 816 est
315 747 356 815 X.

290 859 321 926 Α
344 853 489 928 ΖΩΝΝ
494 863 521 927 Υ
520 857 589 927 ΜΙ
597 863 646 926 est
657 855 936 947 ζώννυθ’(-το),
950 855 1153 942 ζώννυται,
1167 853 1384 942 ζώννυσθαι

245 968 334 1058 (IV),
359 993 379 1036 a
403 968 669 1038 KAINYMAI
684 966 865 1039 ἐκαίνυτο
879 969 935 1058 (Ι),
949 992 969 1035 a
982 968 1211 1037 KINYMAI
1221 968 1383 1062 κίνυντο,

243 1080 503 1168 κινύμενος-
517 1103 602 1152 νοιο
617 1121 658 1131 -
673 1102 752 1149 νων
777 1079 822 1169 (V
823 1079 866 1166 1),
891 1081 933 1146 ab
960 1074 1185 1150 ΟΙΓΝΥΜΙ
1200 1077 1385 1170 ὠίγνυυτο

244 1189 317 1280 (Π),
349 1193 390 1258 ab
429 1187 643 1263 ΟΛΛΥΜΙ
676 1186 801 1272 ὀλλύς,
833 1187 1004 1272 ὀλλύσαι,
1037 1186 1226 1272 ὀλλύντας
1247 1228 1288 1239 -
1302 1206 1386 1264 των,

245 1299 446 1392 ὀλλύμευοι
460 1345 502 1354 -
515 1327 594 1376 νων
608 1341 649 1356 -
663 1325 769 1384 νους,
781 1299 983 1392 oisemo),
996 1287 1222 1384 α’πολλυται,
1234 1295 1387 1371 ἀπολλυ·

242 1415 383 1504 μένους
406 1414 528 1504 (xlv),
552 1416 594 1482 ab
628 1409 845 1486 OMNYMI
870 1410 1021 1501 ὄμνυθι
1047 1414 1105 1502 (Ι),
1131 1415 1196 1494 sed,
1220 1413 1305 1500 quod
1329 1409 1387 1478 mi·

237 1526 333 1606 roris,
357 1526 477 1613 legitur
503 1525 539 1595 T
560 1527 645 1594 175:

236 1803 239 1808 Ι
315 1707 515 1800 ὀμνυέτω
539 1699 585 1778 δέ
603 1732 666 1780 τοι
690 1706 820 1801 ὅρκον,
845 1705 890 1781 έν
915 1709 1154 1804 Ἀργείοισιν
1178 1705 1345 1795 ύυαςύς,

314 1821 367 1909 μή
391 1843 478 1890 ποτε
502 1826 580 1905 τῆς
603 1817 713 1905 εύνῆς
737 1815 974 1910 ἐπιβήμεναι
997 1811 1063 1903 ἠδὲ
1087 1827 1255 1914 μανῆναι

234 2029 237 2035 Ι
311 1933 333 2019 ἥ
358 1933 475 2022 θέμις
499 1929 573 2017 ε’ςι,
600 1931 739 2020 τάναξ,
765 1929 786 2015 ἤ
810 1932 843 1998 τ’
867 1923 1024 2024 ἀνδρῶν
1047 1931 1069 2018 ἢ
1093 1955 1130 2000 τε
1154 1933 1364 2025 γυναικῶν.
1505 1969 1506 1986 ι

232 2143 235 2148 -
291 2101 365 2168 Erit
387 2101 522 2168 fortasse
545 2102 602 2188 qui
624 2099 678 2167 hie
701 2100 919 2187 reponendum
942 2100 1122 2187 suspicatur
1144 2097 1300 2187 ὀμνύτω
1322 2119 1393 2187 pro·

246 2216 343 2283 dueta
366 2217 479 2280 eontra
501 2215 606 2300 legem
628 2213 743 2292 vocali,
767 2213 854 2298 quod
876 2212 1040 2279 interdum
1062 2216 1157 2298 poeto
1177 2213 1241 2279 sibi
1252 2211 1394 2300 permisit

243 2326 283 2391 in
306 2325 469 2392 vocubulis
493 2324 646 2390 oretioum
670 2322 919 2389 continentibus.
945 2322 1167 2389 Veruntamen
1190 2323 1300 2391 looum
1318 2325 1394 2390 bene

247 2437 522 2504 considerantibus
546 2434 715 2523 apparebit
737 2433 865 2520 spurios
886 2456 953 2500 esse
976 2435 1035 2500 hos
1059 2457 1179 2516 versus,
1204 2457 1280 2502 oum
1298 2454 1394 2523 parva

247 2548 426 2615 mutatione
460 2548 621 2615 desumtos
656 2570 695 2614 ex
729 2547 813 2612 libro
848 2545 897 2611 IX
921 2546 1146 2635 (274-276).
1184 2545 1290 2624 Quam
1313 2547 1395 2614 enim

244 2661 350 2748 inepti
373 2661 440 2726 sint
462 2660 494 2726 h.
519 2660 554 2741 l.,
578 2663 669 2746 patet
691 2682 730 2726 ex
754 2680 815 2724 usu
838 2659 1038 2745 pronominis
1060 2665 1219 2744 τῆς,ιιου
1230 2660 1396 2728 nominata

246 2775 284 2840 in
314 2772 518 2860 praegressis,
550 2777 588 2838 ut
618 2772 686 2837 illie
717 2770 839 2837 foetum
869 2776 929 2852 est,
960 2771 1112 2838 Brisiiido.
1150 2769 1198 2838 Of.
1224 2770 1400 2860 quoquot

251 2882 444 2951 140-144.
470 2881 505 2951 si
527 2903 602 2950 vero
625 2882 661 2948 hi
683 2886 749 2948 tres
771 2903 881 2948 versus
900 2882 1124 2970 interpolatori
1135 2883 1304 2965 debentur,
1317 2883 1398 2950 idom

248 2995 355 3065 valeat
377 3017 504 3062 neeesse
527 2999 577 3062 est
600 2995 639 3061 de
661 2998 752 3080 parte
775 2994 990 3081 responsionis
1022 2993 1276 3081 Agamemnonis
1304 3016 1398 3083 quam

245 3109 377 3178 unoinis
400 3108 604 3196 significabo:

252 3304 332 3369 185:
347 3305 478 3395 χαίρω
502 3302 580 3381 σεύ,
603 3289 835 3390 Λαερτιάδη,
858 3295 926 3368 τὸν
949 3298 1085 3386 μύθου
1108 3293 1295 3382 α’κούσας·

352 3409 397 3485 ἐν
419 3412 535 3506 μοίρῃ
559 3409 636 3506 γάρ
660 3408 791 3481 πάντα
815 3399 949 3478 διίκεο.
978 3407 1062 3496 [καί
1086 3405 1294 3493 κατελεξας

243 3599 247 3606 ‚
351 3528 475 3608 ταύτα
500 3514 536 3590 δ’
559 3518 658 3614 ἐγὼν
675 3515 797 3588 ε’θελω
809 3513 970 3608 ὀμόσαι,
982 3514 1130 3587 κέλεται
1144 3510 1191 3587 δέ
1198 3543 1250 3608 με
1270 3511 1400 3611 θυμός

358 3624 440 3702 οόδ’
466 3629 694 3725 ἐπιορκῆσαι
717 3626 814 3723 πρὸς
835 3620 1045 3718 δαίμονος]
1060 3626 1185 3724 αύταρ
1199 3627 1402 3723 Ἀχιλλεύς

349 3743 526 3835 μιμνέτω
550 3729 650 3811 αὖθι
671 3743 763 3821 τέως
783 3762 838 3832 γε,
864 3738 1113 3833 ἐπειγόμενός
1134 3764 1200 3833 περ
1220 3734 1377 3834 Ἄρηος,

351 3855 511 3943 μίμνετε
536 3844 687 3921 δ’ἄλλοι
711 3849 852 3932 πάντες
875 3846 1040 3933 ὀολλέες,
1065 3849 1168 3945 ὄφρα
1193 3875 1234 3921 κε
1260 3845 1367 3948 δῶρα

352 3963 395 4036 ἐκ
418 3963 571 4050 κλισίης
595 3957 731 4054 ἔλθῃσι
754 3960 824 4032 καί
846 3959 981 4053 ὅρκια
1005 3963 1117 4043 πιςοὶ
1141 3964 1366 4058 τάμωμεν.

231 4211 234 4217 ·
300 4175 341 4244 In
371 4175 477 4242 verbis
508 4175 641 4240 inolusis
672 4173 803 4260 insuper
826 4176 973 4258 suspecto
996 4177 1046 4238 est
1068 4173 1188 4241 loontio
1212 4170 1405 4268 ἐπιορκεῖν

252 4284 347 4382 πρὸς
371 4278 577 4376 δαίμονος,
602 4307 676 4352 oum
698 4283 887 4372 praesertim
912 4283 977 4349 258
1003 4305 1072 4372 sqq.
1098 4307 1164 4352 non
1180 4284 1308 4372 Iupiter
1319 4288 1405 4355 solus

252 4400 310 4478 sed
331 4399 440 4466 Tellus
463 4402 497 4464 et
518 4397 574 4465 Sol
597 4403 630 4464 et
654 4396 762 4464 Diona
785 4394 882 4460 simul
892 4393 1084 4460 invocentur
1095 4396 1136 4462 ab
1148 4395 1404 4482 Agamemnone.

253 4509 306 4579 Au
337 4510 475 4578 formam
506 4510 660 4577 orationis
692 4508 733 4576 of.
761 4505 821 4587 IX,
854 4506 909 4572 61.
947 4504 1095 4574 Ceterum
1127 4509 1236 4575 hiatus
1273 4500 1404 4578 διίκεο.

255 4618 380 4716 αύταρ
406 4617 608 4714 Ἀχιλλεύς
631 4621 711 4686 sutis
733 4616 879 4685 excusari
902 4616 1030 4684 videtur
1039 4621 1135 4706 plana
1146 4621 1407 4706 interpunctione
