3054 5312
688 369 807 452 (85)

176 553 310 632 scilieet,
335 558 372 620 nt
395 559 481 620 reete
505 551 662 640 explicuit
683 553 856 638 interpres:

214 683 321 752 ἵπποι
345 685 419 772 μεν
442 687 481 752 θ’
505 684 674 770 ἵπποισι,
697 680 791 771 βόες
815 677 861 752 δι’
882 708 920 752 τε
942 679 1090 772 βουσὶν
1115 680 1292 770 ὁμοῖον.

221 821 510 907 Interpolationem
534 827 642 888 antem
666 821 829 890 Clemente
854 823 1070 910 antiquiorem
1099 843 1167 888 esse
1183 823 1259 887 inde
1271 843 1328 907 ap·

178 938 281 1021 paret,
306 935 393 1018 quod
417 935 485 1000 eius
510 935 654 1000 clausula
678 957 775 1000 eausa
799 935 936 1013 exstitit,
962 956 1019 1000 eur
1041 931 1176 1015 ε”καςοι
1199 954 1246 997 ve.
1271 932 1328 997 4to

177 1045 411 1112 obliteraretur.
437 1044 488 1112 Ne
511 1047 687 1111 seeundum
710 1045 840 1130 quidem
863 1068 1003 1123 versum,
1027 1045 1140 1129 inquo
1153 1043 1329 1109 offensione

176 1177 243 1220 non
275 1160 363 1221 earet
394 1157 542 1223 additum
572 1163 781 1247 χείρεσσιν,
810 1157 931 1242 quique
963 1157 1033 1221 sine
1056 1154 1174 1220 damno
1198 1158 1327 1239 poterat

177 1267 297 1346 abesse,
321 1267 500 1352 genuinum
523 1291 591 1336 esse
614 1267 839 1354 praestiterim.

225 1484 444 1553 Xsrornnnns
476 1487 562 1572 apud
594 1484 683 1552 Stob.
716 1484 801 1550 llor.
835 1482 955 1562 XXIX,
987 1484 1031 1549 41
1065 1490 1098 1551 et
1131 1485 1199 1553 Elel.
1226 1484 1284 1552 Ph.
1310 1485 1328 1550 I

178 1618 211 1682 p.
237 1597 320 1662 224:

216 1748 262 1819 οὐ
287 1770 348 1817 τοι
373 1747 439 1816 ὐπ’
463 1745 590 1839 α’ρχῆς
614 1745 743 1816 πάντα
769 1741 858 1814 θεοί
881 1749 1041 1829 θνητοῖς
1065 1741 1279 1831 ὑπέδειξαν,
1383 1787 1392 1799 ·

214 1856 312 1927 ἄλλα
328 1939 330 1942 ,
336 1856 469 1951 χρόνῳ
495 1858 695 1942 ζητοῦντες
719 1855 1016 1944 ἐφεορίσκοοσιν
1040 1855 1242 1946 ἄμεινον.

225 2015 409 2082 Sententiae
432 2014 517 2079 ratio
540 2014 703 2101 postulare
726 2012 855 2078 videtur
867 2008 894 2081 α’
900 2014 1049 2101 μείνω,
1070 2016 1208 2082 meliora.
1234 2013 1327 2083 Nihil

177 2127 266 2194 enim
300 2127 365 2191 huo
399 2124 479 2190 feeit
513 2129 593 2190 nota
634 2124 798 2190 cantilena
834 2119 981 2213 ἔφαγον
1019 2123 1181 2210 κακόν,
1220 2109 1328 2215 εὗρον

181 2235 393 2326 ἄμεινον,
417 2257 515 2321 quam
543 2234 636 2300 affert
659 2234 850 2301 Karstenue.

228 2475 361 2541 A1istot.
388 2474 519 2540 Rhetor.
545 2473 573 2554 Ι,
601 2474 643 2538 15
676 2496 708 2559 p.
733 2474 802 2539 422
825 2472 853 2539 E
879 2471 923 2540 τὸ
946 2477 1014 2542 πού
1039 2472 1330 2562 Ξενοφάνους

181 2583 374 2676 ἁρμόττει,
416 2582 476 2653 ὅτι
512 2580 591 2652 οὐκ
631 2583 705 2668 ἴση
741 2581 989 2678 πρόκλησις
1022 2583 1132 2669 αὐτη
1163 2581 1329 2674 ἀσεβεῖ

178 2694 295 2790 πρὸς
328 2689 505 2783 εὐσεβῆ,
538 2691 623 2762 ἀλλ’
658 2690 781 2785 ὁμοία
816 2690 884 2762 καὶ
917 2689 957 2760 εἰ
982 2690 1147 2787 ἰσχυρὸς
1182 2693 1326 2784 α’σθενῆ

180 2805 349 2889 πατάξαι
375 2805 395 2890 ἢ
420 2801 610 2897 πληγῆναι
635 2801 928 2895 προκαλέσαιτο.
954 2805 1171 2872 »Hooeutem
1182 2810 1326 2875 dietum”

178 2921 279 2986 verba
302 2924 380 2986 sunt
402 2917 555 2984 Karsteni
577 2917 606 2996 Ι,
630 2939 662 3003 p.
686 2918 705 2983 7
710 2919 730 2982 9
754 2939 906 2983 »versum
929 2917 1009 2984 faoit
1031 2919 1245 2986 troeheionm:

275 3069 344 3140 οὐκ
368 3072 432 3154 ἴση
455 3066 660 3160 πρόκλησις
684 3068 791 3153 αὐτη,
815 3065 955 3159 α’σεβεῖ
972 3067 1068 3162 πρὸς
1092 3068 1229 3161 εὐσεβῆ

179 3229 230 3294 vel
252 3228 427 3294 iambicum
450 3226 623 3305 senarium,
647 3225 753 3291 verbis
776 3225 823 3292 sio
847 3225 1031 3292 collocatis:

764 3377 834 3447 οὐκ
860 3381 925 3463 ἴση

331 3486 536 3582 πρόκλησις
562 3491 669 3578 αὐτη,
695 3486 837 3577 ἀσεβεῖ
855 3489 952 3582 πρὸς
975 3485 1123 3575 εὐσεβῆ.

228 3656 304 3721 Non
328 3653 645 3740 magnificentissime
669 3657 773 3720 sentio
798 3655 836 3720 de
864 3655 953 3739 poesi
977 3653 1205 3741 Xenophanea,
1231 3655 1286 3720 sed
1297 3655 1326 3720 si

178 3766 363 3834 huiusmodi
398 3765 570 3831 versiculos
595 3765 639 3851 (l)
675 3767 849 3851 procudere
873 3765 1082 3852 philosophus
1105 3763 1223 3851 potuit,
1247 3763 1325 3851 quid

175 3878 286 3944 hercle
308 3877 444 3964 impedit
466 3896 531 3961 quo
554 3875 661 3940 minue
685 3897 725 3940 ex
748 3875 855 3940 verbis
875 3873 1093 3942 Aristotelieis
1104 3879 1169 3940 tres
1181 3875 1325 3960 integros

175 3989 258 4055 lueri
284 3987 438 4054 faciamus
463 3987 603 4053 senarios
626 3986 675 4052 ita
698 3987 874 4073 pergendo:

285 4148 366 4220 ἀλλ’
391 4149 412 4221 ὁ
434 4155 438 4238 l
460 4153 558 4240 μοία
580 4156 585 4238 Ι
605 4148 672 4219 καὶ
697 4147 735 4217 εἰ
752 4154 757 4237 Ι
780 4148 876 4240 ι’σχύ
898 4155 903 4236 Ι
925 4149 992 4243 ρὸς
1014 4150 1041 4220 α’
1064 4157 1068 4236 Ι
1090 4153 1204 4238 σθενῆ

287 4261 389 4330 πατοι
411 4265 415 4348 l
436 4263 502 4342 ξαι
526 4262 547 4346 ἢ
570 4265 574 4346 Ι
596 4257 712 4352 πληγῆ
736 4263 741 4345 l
763 4283 830 4329 ναι
855 4282 928 4351 προ
950 4264 954 4346 Ι
976 4257 1094 4345 καλεἸ
1117 4267 1252 4330 σαιτοῗ

229 4427 330 4493 Estne
353 4427 432 4493 satis
454 4427 658 4513 perspicuum
681 4424 890 4491 Aristotelem
914 4447 980 4490 non
999 4427 1099 4491 citare
1111 4428 1209 4493 verba
1220 4426 1328 4494 Xeno·

180 4540 308 4628 phanis,
333 4539 388 4604 sed
412 4540 590 4604 sententiae
614 4538 781 4605 cuiusdam
804 4559 962 4602 summam
986 4538 1052 4602 suis
1074 4538 1327 4625 verbisooneep·

179 4654 272 4716 tam?
306 4648 393 4715 Hine
429 4650 617 4733 corrigenda
648 4671 730 4734 quae
761 4647 939 4714 Karstenus
974 4672 1005 4734 p.
1046 4649 1089 4713 20
1122 4671 1167 4734 sq.
1194 4650 1233 4714 de
1257 4651 1325 4718 vite
