<?xml version="1.0" encoding="UTF-8"?>
<!DOCTYPE html PUBLIC "-//W3C//DTD XHTML 1.0 Transitional//EN"
    "http://www.w3.org/TR/xhtml1/DTD/xhtml1-transitional.dtd">
<html xmlns="http://www.w3.org/1999/xhtml" xml:lang="en" lang="en">
 <head>
  <title>
</title>
<meta http-equiv="Content-Type" content="text/html;charset=utf-8" />
  <meta name='ocr-system' content='tesseract 3.04.00' />
  <meta name='ocr-capabilities' content='ocr_page ocr_carea ocr_par ocr_line ocrx_word'/>
</head>
<body>
  <div class='ocr_page' id='page_1' title='image "./quaestiunculaee00herwgoog_0081.png"; bbox 0 0 3054 5312; ppageno 0'>
   <div class='ocr_carea' id='block_1_1' title="bbox 269 251 853 525">
    <p class='ocr_par' dir='ltr' id='par_1_1' title="bbox 269 251 853 525">
     <span class='ocr_line' id='line_1_1' title="bbox 733 251 853 336; baseline 0 0"><span class='ocrx_word' id='word_1_1' title='bbox 733 253 744 336; x_wconf 88' lang='lat'>(</span> <span class='ocrx_word' id='word_1_2' title='bbox 770 251 813 316; x_wconf 78' lang='grc'>68</span> <span class='ocrx_word' id='word_1_3' title='bbox 840 253 853 336; x_wconf 83' lang='grc' dir='ltr'><em>λ</em></span> 
     </span>
     <span class='ocr_line' id='line_1_2' title="bbox 269 435 737 525; baseline 0.006 -25"><span class='ocrx_word' id='word_1_4' title='bbox 269 436 392 503; x_wconf 79' lang='lat' dir='ltr'><strong>Ibidem</strong></span> <span class='ocrx_word' id='word_1_5' title='bbox 416 437 481 502; x_wconf 88' lang='grc'>341</span> <span class='ocrx_word' id='word_1_6' title='bbox 509 439 566 522; x_wconf 73' lang='lat' dir='ltr'>(a</span> <span class='ocrx_word' id='word_1_7' title='bbox 580 435 608 514; x_wconf 92' lang='lat' dir='ltr'>I,</span> <span class='ocrx_word' id='word_1_8' title='bbox 635 437 737 525; x_wconf 83' lang='lat'><strong>520):</strong></span> 
     </span>
    </p>
   </div>
   <div class='ocr_carea' id='block_1_2' title="bbox 387 591 1172 694">
    <p class='ocr_par' dir='ltr' id='par_1_2' title="bbox 387 591 1172 694">
     <span class='ocr_line' id='line_1_3' title="bbox 387 591 1172 694; baseline 0.009 -29"><span class='ocrx_word' id='word_1_9' title='bbox 387 595 583 687; x_wconf 81' lang='grc' dir='ltr'><em>ἄκμητοι</em></span> <span class='ocrx_word' id='word_1_10' title='bbox 609 591 650 668; x_wconf 80' lang='grc' dir='ltr'>δὲ</span> <span class='ocrx_word' id='word_1_11' title='bbox 675 597 798 688; x_wconf 81' lang='grc' dir='ltr'><em>λόφον</em></span> <span class='ocrx_word' id='word_1_12' title='bbox 821 599 1021 694; x_wconf 78' lang='grc' dir='ltr'><em>προσέβαν</em></span> <span class='ocrx_word' id='word_1_13' title='bbox 1046 627 1172 674; x_wconf 91' lang='grc' dir='ltr'><em>ποσιν.</em></span> 
     </span>
    </p>
   </div>
   <div class='ocr_carea' id='block_1_3' title="bbox 232 763 1369 1058">
    <p class='ocr_par' dir='ltr' id='par_1_3' title="bbox 232 763 1369 1058">
     <span class='ocr_line' id='line_1_4' title="bbox 272 763 1367 857; baseline 0.005 -27"><span class='ocrx_word' id='word_1_14' title='bbox 272 765 385 831; x_wconf 80' lang='lat' dir='ltr'>Malim</span> <span class='ocrx_word' id='word_1_15' title='bbox 421 763 592 855; x_wconf 81' lang='grc' dir='ltr'><em>ακμητε</em></span> <span class='ocrx_word' id='word_1_16' title='bbox 598 789 631 846; x_wconf 90' lang='grc' dir='ltr'>ς,</span> <span class='ocrx_word' id='word_1_17' title='bbox 665 773 702 834; x_wconf 89' lang='lat' dir='ltr'>ut</span> <span class='ocrx_word' id='word_1_18' title='bbox 735 770 816 834; x_wconf 89' lang='lat' dir='ltr'>solet</span> <span class='ocrx_word' id='word_1_19' title='bbox 838 767 1008 836; x_wconf 82' lang='lat' dir='ltr'><strong>Homerus.</strong></span> <span class='ocrx_word' id='word_1_20' title='bbox 1034 768 1082 836; x_wconf 79' lang='lat' dir='ltr'>cf.</span> <span class='ocrx_word' id='word_1_21' title='bbox 1108 793 1234 857; x_wconf 89' lang='lat' dir='ltr'>qnoque</span> <span class='ocrx_word' id='word_1_22' title='bbox 1257 771 1367 856; x_wconf 84' lang='lat' dir='ltr'>hymn.</span> 
     </span>
     <span class='ocr_line' id='line_1_5' title="bbox 232 873 1369 978; baseline 0.005 -37"><span class='ocrx_word' id='word_1_23' title='bbox 232 901 256 941; x_wconf 92' lang='lat' dir='ltr'>n</span> <span class='ocrx_word' id='word_1_24' title='bbox 284 877 383 943; x_wconf 87' lang='lat' dir='ltr'>Mero.</span> <span class='ocrx_word' id='word_1_25' title='bbox 410 901 455 944; x_wconf 81' lang='grc' dir='ltr'>τι.</span> <span class='ocrx_word' id='word_1_26' title='bbox 473 880 551 957; x_wconf 86' lang='grc'>102,</span> <span class='ocrx_word' id='word_1_27' title='bbox 564 879 621 944; x_wconf 89' lang='lat' dir='ltr'>ubi</span> <span class='ocrx_word' id='word_1_28' title='bbox 634 880 679 945; x_wconf 88' lang='lat' dir='ltr'>sic</span> <span class='ocrx_word' id='word_1_29' title='bbox 691 885 775 946; x_wconf 89' lang='lat' dir='ltr'>recte</span> <span class='ocrx_word' id='word_1_30' title='bbox 786 880 930 965; x_wconf 82' lang='lat' dir='ltr'>ssgenius</span> <span class='ocrx_word' id='word_1_31' title='bbox 942 883 1079 978; x_wconf 84' lang='lat' dir='ltr'>correxit</span> <span class='ocrx_word' id='word_1_32' title='bbox 1090 904 1148 967; x_wconf 89' lang='lat' dir='ltr'>pro</span> <span class='ocrx_word' id='word_1_33' title='bbox 1161 873 1369 971; x_wconf 78' lang='grc' dir='ltr'><em>ἀδμῆτες.</em></span> 
     </span>
     <span class='ocr_line' id='line_1_6' title="bbox 235 987 865 1058; baseline 0.006 -4"><span class='ocrx_word' id='word_1_34' title='bbox 235 987 347 1056; x_wconf 84' lang='lat' dir='ltr'>Altera</span> <span class='ocrx_word' id='word_1_35' title='bbox 370 989 472 1056; x_wconf 87' lang='lat' dir='ltr'>forma</span> <span class='ocrx_word' id='word_1_36' title='bbox 494 990 618 1056; x_wconf 81' lang='lat' dir='ltr'>novitia</span> <span class='ocrx_word' id='word_1_37' title='bbox 640 1012 707 1056; x_wconf 88' lang='lat' dir='ltr'>esse</span> <span class='ocrx_word' id='word_1_38' title='bbox 729 992 865 1058; x_wconf 79' lang='lat' dir='ltr'>videtur.</span> 
     </span>
    </p>
   </div>
   <div class='ocr_carea' id='block_1_4' title="bbox 273 1236 1341 1820">
    <p class='ocr_par' dir='ltr' id='par_1_4' title="bbox 274 1236 938 1326">
     <span class='ocr_line' id='line_1_7' title="bbox 274 1236 938 1326; baseline 0.008 -24"><span class='ocrx_word' id='word_1_39' title='bbox 274 1236 396 1324; x_wconf 87' lang='lat' dir='ltr'>Hymn.</span> <span class='ocrx_word' id='word_1_40' title='bbox 423 1237 459 1302; x_wconf 90' lang='lat' dir='ltr'>in</span> <span class='ocrx_word' id='word_1_41' title='bbox 483 1236 680 1304; x_wconf 78' lang='lat' dir='ltr'>Mercurium</span> <span class='ocrx_word' id='word_1_42' title='bbox 704 1261 750 1305; x_wconf 85' lang='lat' dir='ltr'>vs.</span> <span class='ocrx_word' id='word_1_43' title='bbox 777 1240 821 1304; x_wconf 86' lang='lat'>39</span> <span class='ocrx_word' id='word_1_44' title='bbox 851 1262 938 1326; x_wconf 86' lang='lat' dir='ltr'>sqq.:</span> 
     </span>
    </p>

    <p class='ocr_par' dir='ltr' id='par_1_5' title="bbox 273 1383 1341 1820">
     <span class='ocr_line' id='line_1_8' title="bbox 273 1383 1341 1487; baseline 0.005 -30"><span class='ocrx_word' id='word_1_45' title='bbox 273 1384 350 1471; x_wconf 84' lang='grc' dir='ltr'>Ὦς</span> <span class='ocrx_word' id='word_1_46' title='bbox 375 1387 437 1484; x_wconf 80' lang='grc' dir='ltr'>ἄρ’</span> <span class='ocrx_word' id='word_1_47' title='bbox 463 1383 624 1479; x_wconf 77' lang='grc' dir='ltr'><em>ἔφηκαὶ</em></span> <span class='ocrx_word' id='word_1_48' title='bbox 648 1391 786 1485; x_wconf 73' lang='grc' dir='ltr'><em>χερσὶν</em></span> <span class='ocrx_word' id='word_1_49' title='bbox 810 1389 879 1482; x_wconf 81' lang='grc' dir='ltr'>ἅμ’</span> <span class='ocrx_word' id='word_1_50' title='bbox 906 1388 1172 1487; x_wconf 73' lang='grc' dir='ltr'><em>ἀμφοτέρῃσιν</em></span> <span class='ocrx_word' id='word_1_51' title='bbox 1195 1391 1341 1487; x_wconf 79' lang='grc' dir='ltr'><em>οὶείρας,</em></span> 
     </span>
     <span class='ocr_line' id='line_1_9' title="bbox 278 1495 1233 1598; baseline 0.002 -28"><span class='ocrx_word' id='word_1_52' title='bbox 278 1502 337 1592; x_wconf 77' lang='grc' dir='ltr'>ἄψ</span> <span class='ocrx_word' id='word_1_53' title='bbox 360 1505 449 1571; x_wconf 80' lang='grc' dir='ltr'><em>εἵσω</em></span> <span class='ocrx_word' id='word_1_54' title='bbox 472 1503 529 1571; x_wconf 86' lang='grc' dir='ltr'><em>κίε</em></span> <span class='ocrx_word' id='word_1_55' title='bbox 553 1495 668 1592; x_wconf 77' lang='grc' dir='ltr'><em>δῶμα</em></span> <span class='ocrx_word' id='word_1_56' title='bbox 692 1504 818 1596; x_wconf 86' lang='grc' dir='ltr'><em>φέρων</em></span> <span class='ocrx_word' id='word_1_57' title='bbox 843 1501 1036 1598; x_wconf 79' lang='grc' dir='ltr'><em>ἐρατεινὸν</em></span> <span class='ocrx_word' id='word_1_58' title='bbox 1060 1502 1233 1598; x_wconf 75' lang='grc' dir='ltr'><em>ἄθυρμα.</em></span> 
     </span>
     <span class='ocr_line' id='line_1_10' title="bbox 278 1607 1248 1709; baseline 0.002 -25"><span class='ocrx_word' id='word_1_59' title='bbox 278 1611 367 1686; x_wconf 74' lang='grc' dir='ltr'>ἔνθ’</span> <span class='ocrx_word' id='word_1_60' title='bbox 391 1610 683 1700; x_wconf 80' lang='grc' dir='ltr'><em>α’νοιπιλησας</em></span> <span class='ocrx_word' id='word_1_61' title='bbox 706 1613 888 1709; x_wconf 77' lang='grc' dir='ltr'><em>γλυφάνῳ</em></span> <span class='ocrx_word' id='word_1_62' title='bbox 914 1612 1065 1708; x_wconf 91' lang='grc' dir='ltr'><em>πρλιοῖο</em></span> <span class='ocrx_word' id='word_1_63' title='bbox 1092 1607 1248 1709; x_wconf 82' lang='grc' dir='ltr'><em>σιδήρου</em></span> 
     </span>
     <span class='ocr_line' id='line_1_11' title="bbox 278 1722 1069 1820; baseline 0.001 -26"><span class='ocrx_word' id='word_1_64' title='bbox 278 1722 389 1796; x_wconf 78' lang='grc' dir='ltr'><em>αἰῶν’</em></span> <span class='ocrx_word' id='word_1_65' title='bbox 415 1724 629 1818; x_wconf 82' lang='grc' dir='ltr'><em>ἐξετόρησεν</em></span> <span class='ocrx_word' id='word_1_66' title='bbox 656 1723 864 1818; x_wconf 79' lang='grc' dir='ltr'><em>ὀρεσκῴοιο</em></span> <span class='ocrx_word' id='word_1_67' title='bbox 886 1723 1069 1820; x_wconf 77' lang='grc' dir='ltr'><em>χελώνης.</em></span> 
     </span>
    </p>
   </div>
   <div class='ocr_carea' id='block_1_5' title="bbox 280 1874 1378 1963">
    <p class='ocr_par' dir='ltr' id='par_1_6' title="bbox 280 1874 1378 1963">
     <span class='ocr_line' id='line_1_12' title="bbox 280 1874 1378 1963; baseline 0.003 -23"><span class='ocrx_word' id='word_1_68' title='bbox 280 1876 332 1941; x_wconf 88' lang='lat' dir='ltr'>Ita</span> <span class='ocrx_word' id='word_1_69' title='bbox 355 1874 593 1941; x_wconf 81' lang='lat' dir='ltr'>Baumeistems</span> <span class='ocrx_word' id='word_1_70' title='bbox 626 1898 666 1941; x_wconf 84' lang='lat' dir='ltr'>ex</span> <span class='ocrx_word' id='word_1_71' title='bbox 701 1874 883 1942; x_wconf 88' lang='lat' dir='ltr'>Hermanni</span> <span class='ocrx_word' id='word_1_72' title='bbox 908 1877 1091 1942; x_wconf 86' lang='lat' dir='ltr'>coniectura</span> <span class='ocrx_word' id='word_1_73' title='bbox 1115 1877 1215 1942; x_wconf 88' lang='lat' dir='ltr'>edidit</span> <span class='ocrx_word' id='word_1_74' title='bbox 1238 1898 1296 1963; x_wconf 88' lang='lat' dir='ltr'>pro</span> <span class='ocrx_word' id='word_1_75' title='bbox 1320 1878 1378 1943; x_wconf 88' lang='lat' dir='ltr'>de-</span> 
     </span>
    </p>
   </div>
   <div class='ocr_carea' id='block_1_6' title="bbox 103 1975 1378 2075">
    <p class='ocr_par' dir='ltr' id='par_1_7' title="bbox 103 1975 1378 2075">
     <span class='ocr_line' id='line_1_13' title="bbox 103 1975 1378 2075; baseline 0.001 -23"><span class='ocrx_word' id='word_1_76' title='bbox 103 1975 105 1982; x_wconf 35' lang='lat'><em>*</em></span> <span class='ocrx_word' id='word_1_77' title='bbox 229 1992 364 2075; x_wconf 88' lang='lat' dir='ltr'>pravata</span> <span class='ocrx_word' id='word_1_78' title='bbox 388 1987 533 2052; x_wconf 90' lang='lat' dir='ltr'>codicum</span> <span class='ocrx_word' id='word_1_79' title='bbox 557 1987 715 2073; x_wconf 86' lang='lat' dir='ltr'>scriptura</span> <span class='ocrx_word' id='word_1_80' title='bbox 747 1982 1004 2074; x_wconf 80' lang='grc' dir='ltr'><em>οὶναπηλήσας,</em></span> <span class='ocrx_word' id='word_1_81' title='bbox 1041 2010 1139 2073; x_wconf 88' lang='lat' dir='ltr'>quam</span> <span class='ocrx_word' id='word_1_82' title='bbox 1162 1987 1378 2053; x_wconf 87' lang='lat' dir='ltr'>Ruhnhenius</span> 
     </span>
    </p>
   </div>
   <div class='ocr_carea' id='block_1_7' title="bbox 146 2090 1377 3194">
    <p class='ocr_par' dir='ltr' id='par_1_8' title="bbox 146 2090 1377 3194">
     <span class='ocr_line' id='line_1_14' title="bbox 226 2090 1377 2191; baseline -0.001 -25"><span class='ocrx_word' id='word_1_83' title='bbox 226 2101 262 2166; x_wconf 89' lang='lat' dir='ltr'>in</span> <span class='ocrx_word' id='word_1_84' title='bbox 286 2095 556 2187; x_wconf 61' lang='lat' dir='ltr'>decantatores,</span> <span class='ocrx_word' id='word_1_85' title='bbox 581 2099 638 2164; x_wconf 89' lang='lat' dir='ltr'>alii</span> <span class='ocrx_word' id='word_1_86' title='bbox 662 2099 698 2163; x_wconf 90' lang='lat' dir='ltr'>in</span> <span class='ocrx_word' id='word_1_87' title='bbox 720 2095 991 2191; x_wconf 81' lang='grc' dir='ltr'><em>α’ναπειρὴνας,</em></span> <span class='ocrx_word' id='word_1_88' title='bbox 1005 2090 1377 2184; x_wconf 76' lang='grc' dir='ltr'><em>ολίἰὶοαναπηὸήσας</em></span> 
     </span>
     <span class='ocr_line' id='line_1_15' title="bbox 228 2209 1377 2297; baseline -0.001 -20"><span class='ocrx_word' id='word_1_89' title='bbox 228 2211 388 2297; x_wconf 82' lang='lat' dir='ltr'>(omnium</span> <span class='ocrx_word' id='word_1_90' title='bbox 411 2209 507 2294; x_wconf 83' lang='lat' dir='ltr'>longe</span> <span class='ocrx_word' id='word_1_91' title='bbox 531 2209 745 2296; x_wconf 84' lang='lat' dir='ltr'>ineptissime)</span> <span class='ocrx_word' id='word_1_92' title='bbox 769 2211 961 2274; x_wconf 88' lang='lat' dir='ltr'>mutandum</span> <span class='ocrx_word' id='word_1_93' title='bbox 990 2232 1057 2275; x_wconf 88' lang='lat' dir='ltr'>esse</span> <span class='ocrx_word' id='word_1_94' title='bbox 1082 2211 1294 2278; x_wconf 83' lang='lat' dir='ltr'>coniecerunt.</span> <span class='ocrx_word' id='word_1_95' title='bbox 1326 2210 1377 2276; x_wconf 87' lang='lat' dir='ltr'>De</span> 
     </span>
     <span class='ocr_line' id='line_1_16' title="bbox 229 2319 1377 2408; baseline 0 -21"><span class='ocrx_word' id='word_1_96' title='bbox 229 2323 292 2387; x_wconf 88' lang='lat' dir='ltr'>looi</span> <span class='ocrx_word' id='word_1_97' title='bbox 327 2321 487 2387; x_wconf 88' lang='lat' dir='ltr'>sententia</span> <span class='ocrx_word' id='word_1_98' title='bbox 522 2342 562 2386; x_wconf 85' lang='lat' dir='ltr'>ex</span> <span class='ocrx_word' id='word_1_99' title='bbox 598 2319 842 2385; x_wconf 89' lang='lat' dir='ltr'>Hermanniana</span> <span class='ocrx_word' id='word_1_100' title='bbox 879 2321 1100 2387; x_wconf 76' lang='lat' dir='ltr'>emendatione</span> <span class='ocrx_word' id='word_1_101' title='bbox 1142 2322 1241 2407; x_wconf 88' lang='lat' dir='ltr'>deque</span> <span class='ocrx_word' id='word_1_102' title='bbox 1272 2323 1377 2408; x_wconf 81' lang='lat' dir='ltr'>signi·</span> 
     </span>
     <span class='ocr_line' id='line_1_17' title="bbox 230 2428 1377 2504; baseline 0.001 -6"><span class='ocrx_word' id='word_1_103' title='bbox 230 2434 379 2501; x_wconf 87' lang='lat' dir='ltr'>ficatione</span> <span class='ocrx_word' id='word_1_104' title='bbox 403 2433 493 2498; x_wconf 83' lang='lat' dir='ltr'>verbi</span> <span class='ocrx_word' id='word_1_105' title='bbox 522 2428 645 2500; x_wconf 82' lang='grc' dir='ltr'><em>πιλεῖν</em></span> <span class='ocrx_word' id='word_1_106' title='bbox 675 2436 715 2504; x_wconf 81' lang='lat' dir='ltr'>,et</span> <span class='ocrx_word' id='word_1_107' title='bbox 748 2432 942 2498; x_wconf 71' lang='lat' dir='ltr'>substantivi</span> <span class='ocrx_word' id='word_1_108' title='bbox 975 2433 1076 2502; x_wconf 82' lang='grc' dir='ltr'><em>αὶῶν</em></span> <span class='ocrx_word' id='word_1_109' title='bbox 1107 2433 1254 2498; x_wconf 84' lang='lat' dir='ltr'>videatur</span> <span class='ocrx_word' id='word_1_110' title='bbox 1288 2433 1377 2499; x_wconf 85' lang='lat' dir='ltr'>Bau·</span> 
     </span>
     <span class='ocr_line' id='line_1_18' title="bbox 230 2542 1376 2633; baseline 0.002 -23"><span class='ocrx_word' id='word_1_111' title='bbox 230 2546 372 2612; x_wconf 87' lang='lat' dir='ltr'>meisteri</span> <span class='ocrx_word' id='word_1_112' title='bbox 403 2542 572 2609; x_wconf 76' lang='lat' dir='ltr'>annotatio</span> <span class='ocrx_word' id='word_1_113' title='bbox 608 2544 643 2606; x_wconf 93' lang='lat' dir='ltr'>in</span> <span class='ocrx_word' id='word_1_114' title='bbox 679 2543 820 2609; x_wconf 88' lang='lat' dir='ltr'>editione</span> <span class='ocrx_word' id='word_1_115' title='bbox 854 2545 974 2610; x_wconf 88' lang='lat' dir='ltr'>maiore</span> <span class='ocrx_word' id='word_1_116' title='bbox 998 2543 1140 2630; x_wconf 89' lang='lat' dir='ltr'>(Lipsiae</span> <span class='ocrx_word' id='word_1_117' title='bbox 1166 2546 1280 2633; x_wconf 89' lang='lat'><strong>1860).</strong></span> <span class='ocrx_word' id='word_1_118' title='bbox 1327 2545 1376 2612; x_wconf 83' lang='lat' dir='ltr'>At</span> 
     </span>
     <span class='ocr_line' id='line_1_19' title="bbox 231 2643 1375 2744; baseline 0.001 -21"><span class='ocrx_word' id='word_1_119' title='bbox 231 2659 315 2723; x_wconf 90' lang='lat' dir='ltr'>male</span> <span class='ocrx_word' id='word_1_120' title='bbox 338 2679 389 2722; x_wconf 89' lang='lat' dir='ltr'>me</span> <span class='ocrx_word' id='word_1_121' title='bbox 412 2643 510 2721; x_wconf 79' lang='lat' dir='ltr'>babet</span> <span class='ocrx_word' id='word_1_122' title='bbox 533 2655 667 2720; x_wconf 83' lang='lat' dir='ltr'>verbnm</span> <span class='ocrx_word' id='word_1_123' title='bbox 692 2656 904 2741; x_wconf 89' lang='lat' dir='ltr'>compositum</span> <span class='ocrx_word' id='word_1_124' title='bbox 927 2651 1142 2726; x_wconf 77' lang='grc' dir='ltr'><em>αναπιλεῖν.</em></span> <span class='ocrx_word' id='word_1_125' title='bbox 1169 2655 1261 2732; x_wconf 79' lang='lat' dir='ltr'>Quod</span> <span class='ocrx_word' id='word_1_126' title='bbox 1272 2681 1375 2744; x_wconf 88' lang='lat' dir='ltr'>neque</span> 
     </span>
     <span class='ocr_line' id='line_1_20' title="bbox 231 2769 1377 2857; baseline 0 -21"><span class='ocrx_word' id='word_1_127' title='bbox 231 2793 367 2856; x_wconf 86' lang='lat' dir='ltr'>usquam</span> <span class='ocrx_word' id='word_1_128' title='bbox 402 2772 564 2854; x_wconf 84' lang='lat' dir='ltr'>repertum</span> <span class='ocrx_word' id='word_1_129' title='bbox 599 2771 658 2846; x_wconf 88' lang='lat' dir='ltr'>est,</span> <span class='ocrx_word' id='word_1_130' title='bbox 693 2790 753 2832; x_wconf 86' lang='lat' dir='ltr'>nec</span> <span class='ocrx_word' id='word_1_131' title='bbox 784 2773 914 2855; x_wconf 86' lang='lat' dir='ltr'>propter</span> <span class='ocrx_word' id='word_1_132' title='bbox 945 2769 1036 2834; x_wconf 84' lang='lat' dir='ltr'>verbi</span> <span class='ocrx_word' id='word_1_133' title='bbox 1067 2769 1377 2857; x_wconf 83' lang='lat' dir='ltr'>praepositionisque</span> 
     </span>
     <span class='ocr_line' id='line_1_21' title="bbox 231 2877 1376 2964; baseline 0.001 -17"><span class='ocrx_word' id='word_1_134' title='bbox 231 2883 389 2947; x_wconf 87' lang='lat' dir='ltr'>rationem</span> <span class='ocrx_word' id='word_1_135' title='bbox 412 2879 572 2946; x_wconf 80' lang='lat' dir='ltr'>exstitisse</span> <span class='ocrx_word' id='word_1_136' title='bbox 596 2879 762 2964; x_wconf 81' lang='lat' dir='ltr'>probabile</span> <span class='ocrx_word' id='word_1_137' title='bbox 785 2880 921 2944; x_wconf 87' lang='lat' dir='ltr'>videtur.</span> <span class='ocrx_word' id='word_1_138' title='bbox 949 2877 1114 2958; x_wconf 78' lang='lat' dir='ltr'>Quocirca,</span> <span class='ocrx_word' id='word_1_139' title='bbox 1136 2880 1164 2944; x_wconf 89' lang='lat' dir='ltr'>si</span> <span class='ocrx_word' id='word_1_140' title='bbox 1179 2883 1376 2948; x_wconf 85' lang='lat' dir='ltr'>verbumre-</span> 
     </span>
     <span class='ocr_line' id='line_1_22' title="bbox 232 2990 1373 3081; baseline -0.001 -22"><span class='ocrx_word' id='word_1_141' title='bbox 232 2994 414 3081; x_wconf 89' lang='lat' dir='ltr'>oipiendum</span> <span class='ocrx_word' id='word_1_142' title='bbox 438 2995 486 3056; x_wconf 86' lang='lat' dir='ltr'>ost</span> <span class='ocrx_word' id='word_1_143' title='bbox 512 3029 552 3038; x_wconf 91' lang='lat'><em>-</em></span> <span class='ocrx_word' id='word_1_144' title='bbox 579 3013 639 3055; x_wconf 83' lang='lat' dir='ltr'>nee</span> <span class='ocrx_word' id='word_1_145' title='bbox 663 3012 740 3055; x_wconf 89' lang='lat' dir='ltr'>sane</span> <span class='ocrx_word' id='word_1_146' title='bbox 763 2991 855 3056; x_wconf 84' lang='lat' dir='ltr'>video</span> <span class='ocrx_word' id='word_1_147' title='bbox 879 2990 957 3075; x_wconf 89' lang='lat' dir='ltr'>quid</span> <span class='ocrx_word' id='word_1_148' title='bbox 987 2990 1101 3056; x_wconf 89' lang='lat' dir='ltr'>melius</span> <span class='ocrx_word' id='word_1_149' title='bbox 1132 2996 1307 3076; x_wconf 88' lang='lat' dir='ltr'>reponatur</span> <span class='ocrx_word' id='word_1_150' title='bbox 1332 3033 1373 3044; x_wconf 87' lang='lat'><em>-</em></span> 
     </span>
     <span class='ocr_line' id='line_1_23' title="bbox 146 3103 1373 3194; baseline 0.001 -22"><span class='ocrx_word' id='word_1_151' title='bbox 146 3149 149 3158; x_wconf 88' lang='lat'><em>·</em></span> <span class='ocrx_word' id='word_1_152' title='bbox 232 3106 416 3185; x_wconf 88' lang='lat' dir='ltr'>videndum,</span> <span class='ocrx_word' id='word_1_153' title='bbox 441 3125 551 3169; x_wconf 91' lang='lat' dir='ltr'>annon</span> <span class='ocrx_word' id='word_1_154' title='bbox 575 3103 681 3168; x_wconf 89' lang='lat' dir='ltr'>locum</span> <span class='ocrx_word' id='word_1_155' title='bbox 705 3107 846 3189; x_wconf 85' lang='lat' dir='ltr'>praestet</span> <span class='ocrx_word' id='word_1_156' title='bbox 870 3104 916 3168; x_wconf 89' lang='lat' dir='ltr'>sio</span> <span class='ocrx_word' id='word_1_157' title='bbox 940 3103 1110 3188; x_wconf 79' lang='lat' dir='ltr'>corrigere,</span> <span class='ocrx_word' id='word_1_158' title='bbox 1135 3105 1373 3194; x_wconf 88' lang='lat' dir='ltr'>utsoribamus:</span> 
     </span>
    </p>
   </div>
   <div class='ocr_carea' id='block_1_8' title="bbox 231 3244 1374 3581">
    <p class='ocr_par' dir='ltr' id='par_1_9' title="bbox 231 3244 1374 3581">
     <span class='ocr_line' id='line_1_24' title="bbox 445 3244 1164 3342; baseline -0.004 -24"><span class='ocrx_word' id='word_1_159' title='bbox 445 3245 532 3318; x_wconf 75' lang='grc' dir='ltr'>ἔνθ’</span> <span class='ocrx_word' id='word_1_160' title='bbox 557 3244 644 3340; x_wconf 77' lang='grc' dir='ltr'>ἄρα</span> <span class='ocrx_word' id='word_1_161' title='bbox 667 3244 863 3333; x_wconf 82' lang='grc' dir='ltr'><em>πιλήσας</em></span> <span class='ocrx_word' id='word_1_162' title='bbox 886 3245 1066 3342; x_wconf 81' lang='grc' dir='ltr'><em>γλυφάνῳ</em></span> <span class='ocrx_word' id='word_1_163' title='bbox 1091 3248 1164 3316; x_wconf 82' lang='grc' dir='ltr'>κτὲ.</span> 
     </span>
     <span class='ocr_line' id='line_1_25' title="bbox 278 3350 1374 3479; baseline 0 -23"><span class='ocrx_word' id='word_1_164' title='bbox 278 3390 332 3456; x_wconf 79' lang='lat' dir='ltr'>ns</span> <span class='ocrx_word' id='word_1_165' title='bbox 356 3385 442 3458; x_wconf 73' lang='grc' dir='ltr'>ἕνα</span> <span class='ocrx_word' id='word_1_166' title='bbox 464 3383 541 3479; x_wconf 73' lang='grc' dir='ltr'>ιρι</span> <span class='ocrx_word' id='word_1_167' title='bbox 566 3384 606 3450; x_wconf 78' lang='grc' dir='ltr'><em>ιε</em></span> <span class='ocrx_word' id='word_1_168' title='bbox 632 3350 727 3452; x_wconf 68' lang='lat' dir='ltr'>nam.</span> <span class='ocrx_word' id='word_1_169' title='bbox 753 3408 785 3463; x_wconf 69' lang='grc' dir='ltr'>ι,</span> <span class='ocrx_word' id='word_1_170' title='bbox 811 3386 868 3464; x_wconf 86' lang='lat'>49,</span> <span class='ocrx_word' id='word_1_171' title='bbox 892 3406 913 3452; x_wconf 79' lang='grc' dir='ltr'><em>ι</em></span> <span class='ocrx_word' id='word_1_172' title='bbox 939 3383 1374 3469; x_wconf 75' lang='grc' dir='ltr'><em>473,Σ39,5εε,οτεο,</em></span> 
     </span>
     <span class='ocr_line' id='line_1_26' title="bbox 231 3495 542 3581; baseline -0.016 -11"><span class='ocrx_word' id='word_1_173' title='bbox 231 3495 271 3570; x_wconf 78' lang='grc' dir='ltr'><em>Ω</em></span> <span class='ocrx_word' id='word_1_174' title='bbox 299 3503 376 3581; x_wconf 83' lang='lat'>122,</span> <span class='ocrx_word' id='word_1_175' title='bbox 402 3498 439 3566; x_wconf 86' lang='grc' dir='ltr'><em>Λ</em></span> <span class='ocrx_word' id='word_1_176' title='bbox 465 3502 542 3567; x_wconf 84' lang='lat'>171.</span> 
     </span>
    </p>
   </div>
   <div class='ocr_carea' id='block_1_9' title="bbox 278 3715 1126 3800">
    <p class='ocr_par' dir='ltr' id='par_1_10' title="bbox 278 3715 1126 3800">
     <span class='ocr_line' id='line_1_27' title="bbox 278 3715 1126 3800; baseline -0.004 -16"><span class='ocrx_word' id='word_1_177' title='bbox 278 3720 403 3784; x_wconf 90' lang='lat' dir='ltr'>Ibidem</span> <span class='ocrx_word' id='word_1_178' title='bbox 426 3740 471 3784; x_wconf 86' lang='lat' dir='ltr'>vs.</span> <span class='ocrx_word' id='word_1_179' title='bbox 499 3718 541 3783; x_wconf 84' lang='grc'>47</span> <span class='ocrx_word' id='word_1_180' title='bbox 568 3717 606 3783; x_wconf 87' lang='lat' dir='ltr'>de</span> <span class='ocrx_word' id='word_1_181' title='bbox 630 3715 788 3782; x_wconf 88' lang='lat' dir='ltr'>Mercurio</span> <span class='ocrx_word' id='word_1_182' title='bbox 813 3715 917 3800; x_wconf 84' lang='lat' dir='ltr'>lyram</span> <span class='ocrx_word' id='word_1_183' title='bbox 940 3715 1126 3782; x_wconf 74' lang='lat' dir='ltr'>fabricanti:</span> 
     </span>
    </p>
   </div>
   <div class='ocr_carea' id='block_1_10' title="bbox 229 3844 1337 4063">
    <p class='ocr_par' dir='ltr' id='par_1_11' title="bbox 229 3844 1337 4063">
     <span class='ocr_line' id='line_1_28' title="bbox 229 3844 1337 3948; baseline -0.004 -21"><span class='ocrx_word' id='word_1_184' title='bbox 229 3856 318 3944; x_wconf 80' lang='grc' dir='ltr'><em>πῆξε</em></span> <span class='ocrx_word' id='word_1_185' title='bbox 344 3848 380 3925; x_wconf 80' lang='grc' dir='ltr'>δ’</span> <span class='ocrx_word' id='word_1_186' title='bbox 405 3852 455 3948; x_wconf 82' lang='grc' dir='ltr'>ἄρ</span> <span class='ocrx_word' id='word_1_187' title='bbox 480 3853 528 3924; x_wconf 80' lang='grc' dir='ltr'>ἐν</span> <span class='ocrx_word' id='word_1_188' title='bbox 550 3855 761 3946; x_wconf 87' lang='grc' dir='ltr'><em>μέτροισι</em></span> <span class='ocrx_word' id='word_1_189' title='bbox 786 3851 923 3941; x_wconf 89' lang='grc' dir='ltr'><em>ταμὼν</em></span> <span class='ocrx_word' id='word_1_190' title='bbox 947 3844 1122 3933; x_wconf 81' lang='grc' dir='ltr'><em>δόνακας</em></span> <span class='ocrx_word' id='word_1_191' title='bbox 1146 3849 1337 3942; x_wconf 78' lang='grc' dir='ltr'><em>καλάμοιο</em></span> 
     </span>
     <span class='ocr_line' id='line_1_29' title="bbox 230 3958 1095 4063; baseline -0.01 -25"><span class='ocrx_word' id='word_1_192' title='bbox 230 3970 409 4063; x_wconf 80' lang='grc' dir='ltr'><em>πειρήνας</em></span> <span class='ocrx_word' id='word_1_193' title='bbox 434 3958 502 4035; x_wconf 78' lang='grc' dir='ltr'>δια</span> <span class='ocrx_word' id='word_1_194' title='bbox 522 3970 627 4037; x_wconf 85' lang='grc' dir='ltr'><em>νῶτα</em></span> <span class='ocrx_word' id='word_1_195' title='bbox 651 3962 892 4058; x_wconf 76' lang='grc' dir='ltr'><em>λιθορρίνοιο</em></span> <span class='ocrx_word' id='word_1_196' title='bbox 915 3961 1095 4056; x_wconf 75' lang='grc' dir='ltr'><em>χελώνης.</em></span> 
     </span>
    </p>
   </div>
   <div class='ocr_carea' id='block_1_11' title="bbox 225 4119 1370 4658">
    <p class='ocr_par' dir='ltr' id='par_1_12' title="bbox 225 4119 1370 4658">
     <span class='ocr_line' id='line_1_30' title="bbox 274 4119 1370 4211; baseline -0.005 -21"><span class='ocrx_word' id='word_1_197' title='bbox 274 4120 489 4211; x_wconf 83' lang='grc' dir='ltr'><em>Ἒμμετρον</em></span> <span class='ocrx_word' id='word_1_198' title='bbox 518 4121 637 4189; x_wconf 88' lang='lat' dir='ltr'>dicitur</span> <span class='ocrx_word' id='word_1_199' title='bbox 672 4122 754 4208; x_wconf 81' lang='lat' dir='ltr'>quod</span> <span class='ocrx_word' id='word_1_200' title='bbox 788 4122 902 4184; x_wconf 80' lang='lat' dir='ltr'>iustam</span> <span class='ocrx_word' id='word_1_201' title='bbox 939 4119 1237 4197; x_wconf 64' lang='lat' dir='ltr'>tabernariarum,</span> <span class='ocrx_word' id='word_1_202' title='bbox 1262 4120 1370 4205; x_wconf 85' lang='lat' dir='ltr'>itaquo</span> 
     </span>
     <span class='ocr_line' id='line_1_31' title="bbox 230 4229 1370 4324; baseline -0.005 -23"><span class='ocrx_word' id='word_1_203' title='bbox 230 4229 272 4304; x_wconf 82' lang='grc' dir='ltr'>ἐν</span> <span class='ocrx_word' id='word_1_204' title='bbox 293 4235 466 4324; x_wconf 82' lang='grc' dir='ltr'><em>μέτροισι</em></span> <span class='ocrx_word' id='word_1_205' title='bbox 498 4232 686 4298; x_wconf 86' lang='lat' dir='ltr'>vertendum</span> <span class='ocrx_word' id='word_1_206' title='bbox 716 4233 759 4294; x_wconf 86' lang='lat' dir='ltr'>ad</span> <span class='ocrx_word' id='word_1_207' title='bbox 781 4233 894 4295; x_wconf 83' lang='lat' dir='ltr'>iustam</span> <span class='ocrx_word' id='word_1_208' title='bbox 927 4253 1114 4308; x_wconf 79' lang='lat' dir='ltr'>mansuram,</span> <span class='ocrx_word' id='word_1_209' title='bbox 1139 4251 1205 4294; x_wconf 93' lang='lat' dir='ltr'>non</span> <span class='ocrx_word' id='word_1_210' title='bbox 1229 4232 1263 4294; x_wconf 82' lang='grc' dir='ltr'>ιἰι</span> <span class='ocrx_word' id='word_1_211' title='bbox 1284 4254 1370 4296; x_wconf 83' lang='grc' dir='ltr'><em>οιτο-</em></span> 
     </span>
     <span class='ocr_line' id='line_1_32' title="bbox 225 4341 1369 4433; baseline 0 -21"><span class='ocrx_word' id='word_1_212' title='bbox 225 4349 316 4425; x_wconf 78' lang='grc' dir='ltr'><em>οννίε,</em></span> <span class='ocrx_word' id='word_1_213' title='bbox 340 4347 426 4433; x_wconf 89' lang='lat' dir='ltr'>qnod</span> <span class='ocrx_word' id='word_1_214' title='bbox 449 4345 545 4409; x_wconf 88' lang='lat' dir='ltr'>nihili</span> <span class='ocrx_word' id='word_1_215' title='bbox 567 4347 625 4409; x_wconf 86' lang='lat' dir='ltr'>ost.</span> <span class='ocrx_word' id='word_1_216' title='bbox 650 4341 743 4408; x_wconf 85' lang='lat' dir='ltr'>Nove</span> <span class='ocrx_word' id='word_1_217' title='bbox 766 4346 876 4408; x_wconf 86' lang='lat' dir='ltr'>tamen</span> <span class='ocrx_word' id='word_1_218' title='bbox 891 4343 1023 4419; x_wconf 82' lang='lat' dir='ltr'>dictum,</span> <span class='ocrx_word' id='word_1_219' title='bbox 1037 4342 1309 4426; x_wconf 85' lang='lat' dir='ltr'>utpaenemalles</span> <span class='ocrx_word' id='word_1_220' title='bbox 1325 4341 1369 4413; x_wconf 87' lang='grc' dir='ltr'>ἐν</span> 
     </span>
     <span class='ocr_line' id='line_1_33' title="bbox 226 4453 1365 4545; baseline -0.005 -19"><span class='ocrx_word' id='word_1_221' title='bbox 226 4458 457 4545; x_wconf 79' lang='grc' dir='ltr'><em>τρήμαισι,</em></span> <span class='ocrx_word' id='word_1_222' title='bbox 481 4460 515 4522; x_wconf 77' lang='lat' dir='ltr'>ia</span> <span class='ocrx_word' id='word_1_223' title='bbox 534 4457 756 4542; x_wconf 74' lang='lat' dir='ltr'>foraminibus,</span> <span class='ocrx_word' id='word_1_224' title='bbox 781 4455 819 4519; x_wconf 89' lang='lat' dir='ltr'>de</span> <span class='ocrx_word' id='word_1_225' title='bbox 843 4477 907 4540; x_wconf 87' lang='lat' dir='ltr'>qna</span> <span class='ocrx_word' id='word_1_226' title='bbox 920 4453 1192 4519; x_wconf 62' lang='lat' dir='ltr'>‘uooabniiforma</span> <span class='ocrx_word' id='word_1_227' title='bbox 1205 4453 1244 4519; x_wconf 87' lang='lat' dir='ltr'>of.</span> <span class='ocrx_word' id='word_1_228' title='bbox 1259 4453 1365 4540; x_wconf 84' lang='lat' dir='ltr'>Etym.</span> 
     </span>
     <span class='ocr_line' id='line_1_34' title="bbox 226 4569 1213 4658; baseline -0.001 -22"><span class='ocrx_word' id='word_1_229' title='bbox 226 4572 269 4636; x_wconf 94' lang='lat' dir='ltr'>M.</span> <span class='ocrx_word' id='word_1_230' title='bbox 296 4596 326 4658; x_wconf 88' lang='lat' dir='ltr'>p.</span> <span class='ocrx_word' id='word_1_231' title='bbox 356 4574 433 4651; x_wconf 82' lang='lat'>726,</span> <span class='ocrx_word' id='word_1_232' title='bbox 459 4573 513 4637; x_wconf 88' lang='grc'>53.</span> <span class='ocrx_word' id='word_1_233' title='bbox 539 4570 608 4636; x_wconf 86' lang='grc' dir='ltr'><em>Νεο</em></span> <span class='ocrx_word' id='word_1_234' title='bbox 631 4575 740 4635; x_wconf 90' lang='lat' dir='ltr'>tamen</span> <span class='ocrx_word' id='word_1_235' title='bbox 764 4569 936 4655; x_wconf 89' lang='lat' dir='ltr'>quicquam</span> <span class='ocrx_word' id='word_1_236' title='bbox 959 4591 1078 4634; x_wconf 85' lang='lat' dir='ltr'>novare</span> <span class='ocrx_word' id='word_1_237' title='bbox 1102 4569 1213 4635; x_wconf 87' lang='lat' dir='ltr'>ausim.</span> 
     </span>
    </p>
   </div>
   <div class='ocr_carea' id='block_1_12' title="bbox 0 0 1536 5312">
    <p class='ocr_par' dir='ltr' id='par_1_13' title="bbox 0 0 1536 5312">
     <span class='ocr_line' id='line_1_35' title="bbox 0 0 1536 5312; baseline 0 0"><span class='ocrx_word' id='word_1_238' title='bbox 0 0 1536 5312; x_wconf 95' lang='lat' dir='ltr'> </span> 
     </span>
    </p>
   </div>
  </div>
 </body>
</html>
