3054 5312
769 278 893 364 (62)

252 478 351 539 natur
373 475 410 539 in
432 461 545 562 αἷμ’ὂξ,
573 480 697 562 praeter
717 468 969 563 ιάμφιδυμος,
995 467 1177 563 δίδυμος,
1206 469 1406 565 τρίδομος,

255 576 504 676 τετραδυμος,
539 577 769 676 ἑατάδομος,
808 589 990 676 similiaque
1014 589 1111 654 dueta
1135 612 1154 654 a
1177 588 1408 666 numeralibus,

256 698 310 762 sed
340 720 358 761 a
393 688 513 782 fadog
547 699 680 763 formari
716 700 870 764 debuerat
904 691 1081 787 σήδιμος,
1116 705 1153 765 ut
1176 696 1409 788 καλλιμοςα
1512 689 1513 694 ’

256 805 405 889 καλλος,
442 811 604 899 αἵσιμος
639 813 680 876 ab
713 803 818 884 αἶσα.
844 811 1015 902 νόμιμος
1039 837 1058 877 a
1083 811 1215 901 νόμος,
1242 809 1410 899 νόςιμας

257 942 276 984 e
300 904 434 1004 αόςος,
459 912 623 1008 κύδιμος
648 912 809 1007 axedus,
827 917 1042 1012 βρώσιμος,
1056 921 1268 1013 πτώσιμος,
1283 919 1411 990 λεύσι-

256 1052 344 1118 μος,
366 1032 430 1096 alia
453 1055 552 1118 quam
576 1034 723 1122 plurima.

303 1140 473 1207 Peritiores
496 1143 598 1226 igitur
621 1149 751 1229 rogatos
774 1144 882 1222 velim,
907 1148 945 1208 ut
958 1145 1106 1222 afferant,
1120 1145 1238 1231 quibus
1246 1145 1308 1209 'hos
1321 1166 1410 1209 seru·

257 1252 349 1337 pulos
373 1251 481 1316 auimo
505 1275 575 1318 meo
600 1254 733 1320 evellere
756 1254 885 1340 possim.
911 1252 1002 1330 Quod
1027 1255 1127 1320 doneo
1152 1254 1269 1341 aliquis
1288 1253 1410 1334 feeerit,
1514 1277 1515 1316 l

256 1361 354 1426 lioeat
384 1361 465 1426 mihi
496 1363 633 1430 retinere
664 1364 923 1430 obscurissimam
952 1364 1109 1432 librorum
1133 1363 1278 1428 omnium
1300 1364 1412 1430 lectio-
1514 1453 1515 1464 ἵ

258 1494 334 1538 nem
357 1462 539 1561 νήδυμος.

718 1699 949 1710 -η--η--ι--ι-

722 1879 776 1946 ΕΙ
778 1877 849 1960 CA,
873 1883 949 1947 cett.

308 2107 371 2172 Pro
402 2108 463 2172 hae
494 2107 599 2172 forma
630 2105 791 2192 explicatu
827 2105 920 2170 valde
945 2105 1068 2170 difficili
1092 2106 1300 2192 Vollgraffius
1324 2130 1415 2176 maus

260 2219 297 2282 in
331 2217 555 2283 dissertatione
589 2215 781 2281 Academica
813 2214 969 2302 inscripta
1006 2215 1119 2279 Studia
1138 2219 1414 2306 palaeoqrapdiea

261 2327 378 2395 Leidae
415 2329 517 2405 1871,
550 2347 623 2414 pag.
659 2329 702 2391 33
737 2349 796 2412 sq.‚
822 2326 942 2413 ubique
966 2327 1224 2404 substituendam
1248 2331 1414 2418 proposuit

262 2444 374 2505 notam
397 2440 535 2506 formem
554 2437 701 2502 Atticam
725 2428 770 2504 ἷσ
777 2460 811 2502 α.
838 2435 927 2511 Quae
939 2439 1088 2524 suspicio,
1109 2439 1276 2505 lieetmihi
1288 2465 1415 2528 quoque

263 2544 441 2616 Homerum
471 2549 593 2634 legenti
624 2549 750 2634 saepius
783 2569 816 2612 se
848 2547 1012 2628 obtulerit,
1045 2554 1155 2615 tamen
1185 2575 1264 2616 num
1287 2554 1415 2639 probari
1515 2551 1517 2592 ³

263 2661 373 2748 possit,
398 2660 491 2725 valde
515 2658 627 2723 dubito
652 2662 781 2744 propter
804 2658 922 2722 formas
947 2656 1041 2738 ἕσας
1065 2660 1100 2745 (ξ
1126 2661 1208 2749 280)
1234 2666 1267 2726 et
1288 2659 1412 2729 ἕσασα

263 2771 301 2856 (κ
327 2771 421 2858 361),
445 2792 503 2857 pro
526 2767 643 2854 quibus
664 2789 758 2832 nemo
782 2767 818 2832 in
842 2768 986 2832 animum
1006 2770 1139 2834 inducat
1157 2793 1309 2857 reponere
1322 2768 1415 2850 ἴσας

263 2887 296 2947 et
320 2877 452 2948 ἵσασα.
490 2879 605 2957 Quare,
631 2879 659 2944 si
681 2879 759 2964 quid
783 2879 983 2956 mutandum,
1008 2880 1114 2967 potius
1139 2882 1261 2948 inclino
1285 2884 1321 2948 iu
1345 2905 1416 2949 eam

262 2997 397 3081 partem,
422 2997 459 3057 ut
482 2991 644 3078 duplicata
667 2989 762 3055 litera
786 2989 942 3070 sibilanti,
964 2981 1134 3077 presidet
1148 2987 1417 3079 (ἀν-ἐφ-καθ-

263 3105 363 3191 siaa)
388 3103 626 3169 rescribendum
650 3101 791 3188 suspicer
815 3100 927 3169 ἕσσα
941 3106 1014 3167 oett.
1041 3102 1125 3169 Looo
1142 3103 1301 3192 Odysseae
1314 3104 1335 3187 ξ
1349 3105 1415 3170 295

263 3213 340 3280 libri
363 3214 503 3280 hebent:

267 3341 304 3428 ἐς
328 3343 486 3439 Λιβύην
509 3343 552 3438 μ’
577 3342 637 3415 ἐπὶ
663 3332 754 3431 ναὸς
779 3343 967 3415 ἐέσσατο
999 3349 1063 3434 (vel
1094 3343 1301 3437 ἑέσσατο)
1326 3372 1418 3420 πον-

1163 3460 1369 3554 [τοαόροιο.

317 3611 378 3678 Sed
401 3612 620 3676 memorantur
639 3608 675 3672 in
699 3605 835 3672 Scholiis
860 3607 1013 3672 Zenodoti
1036 3609 1132 3675 lectio
1158 3611 1375 3696 ἐφείσατο
1388 3616 1423 3678 et

266 3722 387 3788 Rhiani
411 3717 646 3808 ἐφέσσατο,
670 3740 808 3804 quarum
832 3717 916 3782 hane
940 3719 1021 3784 bene
1040 3721 1159 3807 recepit
1172 3719 1421 3808 Nauokius,qui

265 3833 383 3902 ἕσσον
407 3829 508 3897 edidit
530 3851 587 3916 pro
610 3817 716 3895 εἷσον
741 3827 801 3892 Od.
828 3851 859 3911 η,
887 3830 965 3908 163,
991 3832 1046 3895 sed
1071 3821 1201 3918 εἶσε(ν)
1225 3831 1362 3897 retinuit
1373 3833 1419 3898 ib.

268 3944 346 4025 169,
371 3963 409 4024 α,
436 3945 502 4009 130
526 3942 702 4027 ceterisque
723 3941 804 4006 loeis
829 3943 987 4008 omnibus.

719 4189 945 4203 W

731 4371 782 4442 Π
786 4376 810 4441 Y
812 4369 957 4441 PNON.

314 4592 389 4660 Hos
409 4587 602 4656 vocabulum
626 4584 686 4653 Od
702 4605 745 4664 α,
771 4582 851 4662 311,
876 4603 909 4669 ρ,
936 4581 977 4645 12
1003 4584 1037 4647 et
1064 4580 1131 4648 362
1146 4583 1424 4650 oonstanterseri·
