3054 5312
10 4715 13 4846 l

650 299 771 389 ‹3⁹›

142 491 217 556 245.
234 483 416 581 [α’νδράσι
451 487 519 557 καὶ
543 484 737 556 πλεόνεσσι
762 485 1019 576 μαχέσασθαι
1044 485 1125 579 περὶ
1150 479 1279 573 δαιτί]

233 600 332 688 εἴπερ
356 599 430 693 γάρ
454 597 488 666 κ’
516 590 696 678 Ὀδυσεὺς
722 597 945 682 Ἰθακήσιος
970 595 1087 678 αὐτὸς
1110 594 1282 668 ἐπελθὼν

235 706 494 802 δαινυμένους
518 706 620 778 κατά
644 701 758 796 δῶμα
784 705 873 776 τεὸν
895 705 1280 800 μνηςῆραςάχαοοάς

236 820 408 905 ἐξελάσαι
432 825 617 914 μεγάροιο
641 817 870 908 μενοινήσει’
897 816 954 886 ἐνὶ
978 819 1106 909 θυμῷ,

235 930 279 1000 οὔ
304 954 368 1001 κεν
393 953 457 998 τοι
481 928 687 1018 κεχάροιτο
711 927 804 1020 χννὴ
828 923 934 1015 μάλα
958 929 1022 1018 περ
1045 927 1239 1017 χατέοντα

237 1038 393 1111 ἐλθόντ’
418 1036 516 1107 άλλά
541 1061 605 1108 κεν
631 1035 749 1105 αὐτοῦ
773 1033 928 1106 α’τεικέα
952 1035 1102 1127 πότμον
1126 1036 1279 1106 ἐπίσποι

141 1155 219 1221 251.
236 1149 288 1240 [εἰ
296 1150 494 1221 πλεόνεσσι
505 1149 563 1239 μά
563 1171 687 1240 χοιτο·
701 1145 747 1218 σε)
760 1139 784 1215 δ
787 1145 795 1168 ’
805 1133 850 1218 οὗ
857 1145 959 1218 κατά
964 1155 1108 1239 μοῖραν
1118 1144 1280 1234 ἔειπες]

231 1260 313 1333 αλλ’
339 1261 407 1357 elya
430 1259 505 1329 κτὲ.
567 1287 571 1296 ·

184 1452 261 1519 Non
284 1454 364 1518 bene
388 1453 551 1518 intellecta
575 1452 758 1518 Mentoraae
782 1453 937 1517 orationis
959 1473 1034 1537 pars
1056 1457 1199 1518 extrema
1222 1477 1281 1534 anf·

139 1587 207 1630 sam
230 1565 317 1630 dedit
340 1565 463 1630 duabus
494 1563 807 1648 interpolationibus,
840 1585 978 1649 quarum
1001 1564 1102 1629 altera
1124 1567 1282 1632 reoentior

141 1665 177 1742 ex
203 1677 383 1762 antiquiore
407 1678 508 1742 altera
530 1676 626 1740 flrrxit
648 1675 731 1740 male
756 1679 895 1761 aooepta.
929 1673 1032 1750 Quam
1054 1697 1122 1762 rem
1145 1677 1192 1742 sio
1216 1679 1281 1743 ool·

140 1790 203 1874 lige
226 1811 360 1854 meeum.
386 1789 514 1854 Mentor
536 1789 726 1873 indignatur
749 1787 834 1872 quod
857 1785 1041 1853 Ithacenses
1065 1789 1179 1874 optimi
1197 1792 1282 1876 regis

142 1901 365 1966 beneficiorum
388 1901 587 1966 immemores
610 1901 729 1984 ignavo
752 1899 880 1964 silentio
912 1899 1086 1965 admittant
1108 1914 1283 1986 paucorum

146 2035 306 2097 procorum
341 2013 557 2089 insolentiam,
590 2032 649 2075 neo
684 2031 817 2074 numero
853 2031 910 2074 suo
941 2009 1016 2075 freti
1039 2034 1092 2076 eos
1115 2015 1282 2078 ιἰιόιοοιο

149 2125 271 2190 scelesto
306 2124 433 2210 incepto
458 2124 617 2200 desistere,
642 2122 696 2186 sed
719 2120 836 2184 additis
860 2121 965 2185 verbis
989 2121 1282 2211 καθαπτόμενοι

146 2235 337 2302 τεπέεσσιν
361 2235 531 2319 diligenter
555 2237 644 2299 cavet
667 2255 708 2298 ne
732 2232 892 2297 auditores
916 2255 990 2297 oum
1012 2234 1116 2319 proois
1138 2257 1283 2322 pugnare

144 2369 174 2410 se
196 2347 301 2412 iuberi
325 2347 519 2411 existiment.

186 2457 369 2543 Respondet
403 2479 461 2543 pro
496 2457 718 2522 ithacensibus
753 2455 917 2520 Loooritus
941 2479 1008 2522 rem
1031 2436 1182 2543 imperari
1204 2460 1282 2545 ipsis

140 2591 269 2654 gravem
294 2592 331 2633 ao
355 2567 516 2632 difficilem
538 2591 556 2632 a
580 2567 736 2646 Mentore,
760 2571 798 2632 ut
821 2569 919 2633 finem
935 2568 1104 2654 imponant
1115 2593 1283 2655 proeorum

139 2681 364 2767 impudentiae.
402 2679 487 2754 Quin
525 2681 611 2744 enim
642 2682 720 2766 ipse,
746 2679 870 2764 inquit,
895 2679 1025 2764 Ulysses
1050 2681 1119 2766 (rex
1143 2683 1228 2748 idem
1251 2686 1284 2748 et

142 2792 268 2856 aedium
292 2790 465 2876 dominus),
491 2790 519 2854 si
543 2792 708 2876 epulantes
730 2791 765 2854 in
779 2791 867 2874 regia
878 2812 990 2875 procos
1002 2791 1159 2876 expellere
1175 2793 1281 2872 vellet,

140 2903 180 2966 ab
215 2902 280 2966 illis
315 2902 555 2966 interficeretur.
590 2900 846 2985 Argumentatur
869 2900 1033 2966 Leooritus
1057 2924 1076 2966 a
1102 2884 1229 2968 maiore·
1242 2907 1285 2975 ad

141 3019 241 3080 minus
276 3015 337 3078 hae
360 3017 477 3090 mente,
503 3012 629 3097 opinor:
665 3011 698 3076 si
721 3013 811 3097 proci
833 3016 927 3076 tanta
951 3015 1026 3075 sunt
1050 3013 1222 3078 insolentia
1245 3020 1283 3080 ut

141 3151 181 3193 ne
203 3128 310 3212 regiae
334 3126 462 3211 quidem
486 3125 646 3189 maiestati
671 3125 854 3210 dominique
878 3123 1063 3188 auotoritati
1075 3125 1193 3189 cessuri
1205 3127 1282 3206 sint,

143 3241 194 3304 sed
217 3240 323 3324 ipsum
346 3238 494 3320 Ulyssem
517 3236 582 3300 suis
606 3236 737 3300 aedibus
761 3235 916 3321 expellere
940 3256 992 3300 eos
1014 3235 1174 3300 volentem
1198 3237 1283 3302 osei-

139 3353 212 3430 suri,
235 3349 394 3434 numquid
417 3349 521 3427 nobis,
545 3348 609 3412 vili·
627 3349 756 3434 populo,
789 3369 839 3412 res
864 3347 985 3412 alienas
1010 3347 1197 3412 curantibus
1222 3349 1279 3413 ob·

141 3467 370 3549 temperaturos
402 3482 454 3525 eos
488 3483 555 3525 esse
578 3464 692 3545 putas?
718 3459 807 3524 Haeo
832 3463 939 3522 autem
963 3457 1070 3522 diosus
1094 3458 1190 3523 simul
1213 3459 1281 3525 fore

142 3579 239 3660 negat
261 3575 347 3660 quod
370 3573 499 3637 Mentor
522 3573 682 3651 innuerat,
706 3595 773 3637 non
796 3573 928 3658 impune
950 3592 1062 3656 procos
1086 3592 1160 3656 opes
1177 3573 1282 3656 regias

143 3691 361 3752 consumturos
386 3706 463 3759 esse,
489 3683 517 3746 si
541 3683 686 3777 rediisset
709 3685 849 3767 Ulysses
889 3681 941 3747 Sic
963 3681 1065 3766 igitur
1087 3682 1123 3746 in
1146 3685 1282 3768 utraque

142 3799 283 3864 oratione
307 3797 415 3862 omnia
439 3795 558 3880 optime
583 3795 645 3859 sibi
656 3796 857 3880 respondent.
882 3793 1281 3879 Interpolatorverohaud

143 3911 218 3975 satis
243 3908 410 3972 attendens
435 3906 475 3969 ad
498 3904 596 3969 verba
619 3903 912 3995 καθαπτόμενοι
937 3907 1142 3986 τεπέεσσιν,
1166 3907 1280 3972 sedin

139 4044 274 4086 errorem
297 4020 446 4085 inductus
462 4040 509 4082 ve.
525 4017 671 4100 sequenti
684 4011 851 4105 παοοοδς
866 4055 914 4065 -
928 4013 1055 4095 ἐόντες
1068 4040 1170 4102 neque
1182 4018 1279 4084 intel·

142 4134 249 4219 legens
274 4126 458 4222 άοχαλόον
481 4128 680 4194 referendum
705 4149 772 4192 esse
785 4129 825 4192 ad
835 4151 1057 4214 praegressum
1068 4127 1280 4196 καταπαυό-

143 4267 220 4330 μεν,
245 4244 360 4309 insoite
383 4241 509 4306 infersit
531 4262 638 4306 suum:

211 4415 379 4514 άνδράσι
403 4419 472 4489 καὶ
495 4417 693 4489 πλεόνεσσι
714 4421 973 4510 μαχέσασθαι
996 4419 1079 4513 περὶ
1103 4413 1210 4490 δαιτι

143 4607 229 4672 haud
252 4606 348 4671 dubie
371 4599 572 4671 πλεόνεσσι
591 4626 657 4669 non
668 4604 804 4688 iungens
817 4625 890 4668 oum
902 4595 1068 4695 άνδράσι
1080 4605 1135 4670 sed
1147 4625 1280 4691 suspen·
