3054 5312
792 259 914 347 (44)

323 439 503 528 Utrumque
526 446 653 528 tempus
678 443 807 512 miscuit
834 445 913 510 187:

392 565 488 638 άλλοὶ
513 569 561 638 τά
583 568 658 659 μὲν
681 572 788 643 νοέω
812 567 881 640 καί
903 568 1177 662 φράσσομαι
1201 574 1276 644 κτλ.

325 773 347 858 ζ
373 775 431 840 94:
1037 761 1106 863 ἧχι
1130 772 1280 862 μάλιςα

348 881 512 977 λάιγγας
536 880 624 950 ποτὶ
648 882 793 974 χέρσον
815 878 1117 952 ἀποπλύνεσκε
1143 882 1338 954 θάλασσα.

278 1018 382 1084 Sehol.
408 1016 475 1081 Pal.
513 1009 605 1082 ὅπου
638 1009 753 1078 κατά
777 1011 855 1098 τήν
878 1017 1044 1104 χέρσον
1069 1008 1235 1107 λάιγγας
1259 1012 1409 1085 άπέπλο-

277 1151 341 1200 νεν
377 1128 397 1212 ή
436 1120 629 1194 θάλασσα.
671 1123 771 1190 Aliud
794 1129 904 1190 tamen
923 1130 972 1190 est
996 1123 1096 1192 κατά
1121 1127 1209 1192 aliud
1233 1124 1327 1220 πρὸς
1351 1127 1414 1213 τήν

276 1242 430 1332 χέρσον,
466 1259 604 1324 quocum
640 1238 723 1301 mele
748 1238 831 1303 coire
855 1239 982 1303 videtur
1005 1239 1138 1304 verbum
1163 1234 1417 1317 ἀποπλύνεσκε,

275 1355 423 1418 abluebat.
450 1349 553 1426 Quare
576 1350 749 1414 videndum
773 1372 881 1414 annon
907 1350 1012 1414 verior
1037 1346 1080 1414 sit
1100 1351 1201 1416 altera
1212 1352 1308 1416 lectio
1317 1347 1412 1433 ἀπο·

275 1461 466 1541 πτύεσκε,
491 1484 572 1547 quae
596 1483 633 1527 eo
661 1461 803 1527 faciliore
828 1484 932 1527 errore
956 1463 991 1525 in
1008 1462 1323 1548 illamabirepotuit,
1336 1463 1415 1548 quod

275 1580 386 1642 tantae
414 1578 491 1639 sunt
521 1573 611 1638 verbi
643 1567 796 1641 πλύνειν
827 1573 863 1636 in
894 1573 955 1636 hac
978 1573 1149 1658 rhapsodia
1173 1579 1290 1659 partes.
1328 1574 1416 1638 Illam

275 1693 383 1754 autem
417 1687 537 1752 tuearis
572 1685 642 1750 loeo
678 1684 789 1748 Iliadis
829 1685 863 1750 A
895 1686 975 1763 426,
1009 1685 1065 1749 ubi
1089 1687 1194 1772 κῦμα
1221 1681 1416 1768 θαλάσσης

274 1800 393 1865 dicitur
428 1794 673 1865 άποπτύειν
708 1791 802 1875 άλὸς
839 1791 977 1884 ἄχνην.
1015 1795 1127 1882 Neque
1161 1798 1310 1883 ineptum
1340 1797 1417 1862 foret

275 1907 584 1993 άποκλύζεσκε.
610 1909 746 1994 Legitur
770 1905 987 1991 κλύζεσκον,
1012 1910 1066 1974 sed
1090 1910 1308 1990 intransitive,
1332 1907 1418 1979 llll

278 2026 336 2092 61:
362 2021 433 2093 ὅθι
457 2019 596 2111 κύματ’
622 2019 677 2089 ἐπ’
703 2018 836 2105 ἠιόνος
860 2018 1114 2103 κλύζεσκον.

323 2181 357 2264 ζ,
383 2181 466 2246 255:

276 2307 383 2402 ὄρσεο
410 2301 456 2393 δὴ
481 2310 564 2384 νῦν,
590 2310 695 2390 ξεῖνε,
722 2298 872 2375 πόλινδ’
897 2309 996 2393 ἴμεν,
1022 2303 1125 2396 ὄφρα
1151 2329 1191 2374 σε
1216 2311 1354 2398 πέμψω

276 2417 445 2512 πατρὸς
464 2416 558 2506 ἐμοῦ
577 2417 671 2510 πρὸς
689 2419 815 2505 (malim
833 2416 935 2506 ποτὶ)
954 2411 1067 2503 δῶμα
1081 2411 1307 2511 δαΐφρονος,
1322 2416 1418 2489 ἔνθα
1514 2404 1515 2434 ¹

1195 2535 1252 2618 [σε
1279 2527 1377 2620 φημὶ

275 2643 431 2715 πάντων
457 2643 641 2728 Φαιήκων
665 2634 904 2729 εἰδησέμεν
928 2638 1041 2711 ὅσσοι
1068 2639 1211 2736 ἄριςοι.

323 2776 409 2842 Usus
433 2774 522 2840 verbi
546 2764 594 2840 οῗ
596 2764 620 2840 δ
625 2795 662 2850 α,
686 2775 758 2850 seio,
784 2775 855 2837 coci
877 2777 945 2837 tarn
969 2774 1097 2859 ineptus
1111 2778 1170 2852 est,
1183 2773 1242 2837 ubi
1254 2773 1420 2840 manifesto

275 2888 450 2974 requiritur
473 2886 659 2974 offendendi,
683 2885 864 2948 inveniundi
887 2885 987 2963 notio,
1013 2889 1050 2949 ut
1073 2885 1191 2962 inalio
1203 2889 1301 2971 poeta
1314 2884 1419 2951 reseri-

275 3002 350 3067 bere
386 3023 452 3066 non
487 2999 669 3063 dubitarem
704 2992 860 3081 εύρησέ
860 3019 951 3082 μεν.
988 2995 1070 3072 Quia
1105 3012 1215 3063 tamen
1252 3000 1289 3065 in
1312 3002 1420 3065 neutro

276 3113 416 3179 carmine
451 3111 610 3176 Futurum
641 3105 781 3197 εύρήσω
813 3109 981 3194 reperitur,
1007 3111 1061 3174 sed
1085 3114 1180 3195 poeta
1203 3133 1264 3195 pro
1289 3134 1326 3178 eo
1351 3133 1417 3176 con·

274 3229 398 3290 stanter
424 3223 532 3309 posuit
556 3225 612 3286 aut
636 3218 854 3320 κιχήσομαι
880 3223 937 3283 aut
962 3211 985 3286 δ
992 3221 1058 3303 ήω,
1094 3199 1189 3305 longe
1224 3222 1419 3308 probabilior

277 3342 326 3403 est
350 3335 517 3402 correctio:

371 3463 524 3533 πάντων
549 3460 735 3543 Φαιήκων
760 3451 826 3524 ἔτι
852 3451 876 3525 δ
883 3460 1012 3564 ηέμεγ
1036 3455 1151 3528 ὅσσοι
1174 3459 1309 3552 άριςοι

278 3593 334 3665 ἔτι
367 3606 541 3682 praeterea,
578 3590 646 3654 scil.
679 3601 806 3676 praeter
841 3591 943 3674 ipsum
972 3602 1106 3675 patrem.
1133 3589 1181 3655 Of.
1207 3591 1369 3678 imprimis
1394 3613 1421 3672 η,

278 3711 320 3773 48
348 3731 414 3793 sqq.
442 3704 590 3770 Ceterum
614 3724 653 3767 ex
676 3702 726 3766 his
752 3702 972 3787 similibusque
996 3703 1074 3766 loeis
1099 3703 1280 3770 luculenter
1294 3705 1422 3790 epperet

276 3820 454 3904 Penelopae
476 3838 587 3902 procos
612 3815 777 3899 epulantes
801 3814 836 3878 in
870 3814 1000 3878 aedibus
1024 3815 1121 3900 regiis
1145 3815 1243 3880 ineo
1267 3836 1421 3903 peccasse,

276 3931 361 4018 quod
397 3929 527 3994 absente
562 3926 676 4009 Ulysse
712 3926 745 3989 id
780 3925 883 3990 faeere
906 3929 1086 4011 pergerent,
1111 3926 1196 4010 quod
1218 3927 1300 3991 olim
1323 3927 1423 3992 fecere

278 4044 483 4108 consuessent
506 4040 576 4125 ipso
599 4041 775 4124 praesente.

325 4271 355 4330 η,
383 4246 460 4324 116,
485 4227 754 4309 ubidesoribitur
777 4239 1058 4322 hortusAloinoi:

322 4375 456 4443 συκέαι
479 4394 517 4439 τε
540 4369 715 4464 γλυκεραὶ
741 4368 808 4438 καὶ
833 4363 960 4438 ἐλαῖαι
984 4366 1233 4452 τηλεθόωσαι.

322 4482 425 4555 τάων
448 4481 582 4553 ούποτε
604 4479 750 4574 καρπὸς
774 4476 1005 4566 ἀπόλλυται,
1033 4472 1113 4548 οὐδ’
1137 4477 1371 4549 ἀπολείπει

323 4595 514 4697 χείματος
536 4585 622 4665 οὐδὲ
647 4593 781 4685 θέρεος
805 4586 878 4660 eei.
