3054 5312
650 256 664 342 'i
689 252 770 341 61)

181 432 257 503 Non
281 438 395 504 melios
418 438 540 506 ibidem
562 440 630 505 424
656 442 822 510 scribitur:

226 583 319 668 ήκέ
336 608 433 673 σφιν
457 584 553 670 νήάς
577 608 615 652 τε
642 584 720 677 σόῃ
745 585 816 658 καί
838 586 936 658 λαὸν
961 589 1149 680 Ἀχαιῶν.

181 732 222 796 In
246 733 353 798 oodioe
377 733 503 799 Veneto
527 737 575 798 est
599 737 689 824 σοῷ,
713 737 768 801 sed
779 737 921 821 genuina
932 736 1028 802 lectio
1040 737 1291 807 videtoroocoi

136 845 194 930 (a
222 840 346 932 σαόῃ),
371 847 410 908 ut
431 844 586 930 μισθοῖ
604 844 662 929 (=
690 843 865 934 μισάόῃ).

179 953 306 1019 Ibidem
330 955 396 1019 681
423 955 545 1020 editum
568 957 631 1020 est:

227 1096 355 1178 ὅππως
379 1122 442 1170 κεν
466 1099 562 1187 νήάς
586 1124 624 1170 τε
650 1099 757 1192 σόῃς
782 1099 853 1172 και)
874 1100 969 1174 λαὸν
992 1105 1184 1195 Ἀχαιῶν,

133 1270 234 1334 quum
265 1245 473 1312 Aristarchus
508 1251 590 1314 teste
622 1248 726 1315 Sohol.
765 1249 918 1315 scriberet
955 1248 1058 1342 σάῳς
1094 1253 1146 1317 vel
1169 1257 1284 1344 σαῷς.

134 1357 294 1444 Equidem
324 1379 436 1422 verum
467 1379 534 1423 esse
565 1359 672 1425 iudioo
698 1365 809 1426 σαοῑ
810 1381 832 1438 ς
864 1355 1028 1448 (σάόῃς),
1060 1365 1097 1426 ut
1120 1359 1285 1450 μισθοῖς

180 1464 278 1536 ισθ’
341 1518 348 1532 .

134 1468 406 1667 (μΙωράάάδδυωυ
444 1578 538 1648 σάου
570 1605 628 1668 pro
655 1579 735 1649 σάω
759 1581 897 1648 Oobetns
920 1582 1060 1649 Homero
1084 1585 1150 1649 iam
1178 1586 1284 1651 reddi·

132 1693 179 1757 dit
201 1690 241 1757 Π.
271 1688 326 1770 Π,
351 1691 419 1755 363
441 1695 473 1755 et
503 1691 736 1778 Imperatirum
761 1690 856 1760 σάου
877 1714 936 1778 pro
962 1672 1066 1772 odeas
1079 1691 1138 1758 Od.
1153 1716 1188 1772 ν,
1215 1695 1281 1759 230

133 1807 164 1870 et
188 1825 220 1891 ρ,
247 1803 313 1867 595
339 1801 375 1866 in
398 1800 607 1887 Mnemosyne
631 1826 659 1869 a.
689 1803 791 1882 1874,
813 1824 887 1889 pag.
916 1803 992 1868 356.

565 2059 840 2072 Ἥ

398 2233 665 2308 ΝΗΔΥΜΟΣ
688 2261 732 2303 an
756 2229 1011 2305 HAYMOZ?

175 2474 261 2540 Nota
292 2479 341 2540 est
372 2476 521 2540 omnibus
546 2473 740 2538 Buttmanni
764 2474 799 2537 in
824 2473 978 2561 Lexilogo
1007 2476 1035 2555 I,
1059 2500 1092 2563 p.
1120 2477 1185 2541 169
1209 2500 1279 2563 sqq.

129 2583 314 2671 disputatio,
338 2609 422 2672 quae
445 2585 606 2671 plerisque
631 2583 751 2648 eritiois
775 2585 822 2649 ita
846 2587 1015 2671 persuasit,
1040 2591 1078 2652 ut
1101 2588 1196 2654 hodie
1207 2588 1281 2652 nbi-

127 2720 189 2783 que
211 2698 315 2762 forma
339 2688 486 2784 ήδυμος
510 2687 717 2783 (νήδυμος)
740 2697 834 2763 alteri
858 2699 1034 2764 substituta
1046 2699 1099 2765 sit.
1126 2699 1281 2766 Veterum

130 2808 167 2876 de
191 2833 228 2874 ea
251 2810 438 2874 testimonia
462 2828 630 2874 moresne
654 2807 901 2892 diligentissime
924 2811 1103 2896 composuit
1125 2810 1155 2876 J.
1171 2811 1282 2878 laRo-
1359 2889 1365 2899 ³

130 2921 196 3000 ohe,
222 2924 269 2986 die
294 2921 494 2987 Homerieode
517 2921 693 2985 teatekritid
716 2921 760 2984 im
784 2918 977 3004 Adrastum,
995 2945 1025 3007 p.
1042 2921 1109 2985 315
1123 2944 1282 3009 sq‚prope

129 3033 226 3098 finem
247 3055 323 3098 suae
347 3032 556 3120 expositionis
579 3031 659 3096 haee
682 3031 843 3096 scribens:
868 3031 955 3096 Deae
971 3033 1056 3098 deine
1072 3035 1282 3118 einaipestella

126 3123 219 3231 pepon
244 3148 293 3210 die
316 3147 518 3211 aedreihwea'ae
542 3134 689 3230 ήδυμος
713 3144 831 3229 spriebt
854 3143 910 3208 bot
932 3144 1112 3208 Buttmann
1126 3148 1277 3212 orwiesen.

127 3255 287 3323 Attamen.
304 3279 389 3321 nnus
412 3260 462 3322 est
484 3255 645 3341 Odysseae
667 3254 767 3335 loeus,
788 3277 884 3341 quem
896 3254 989 3320 valde
1000 3255 1099 3320 miror
1109 3277 1170 3322 neo
1181 3256 1280 3323 Butt-

127 3388 245 3432 manno
268 3389 338 3446 nee,
363 3368 448 3455 qnod
472 3367 582 3448 seiam,
607 3367 664 3432 alii
688 3365 839 3453 cuiqnam
863 3387 984 3432 creasse
996 3366 1186 3434 molestiam.
1219 3367 1280 3433 Le-

127 3480 215 3564 gitur
239 3502 273 3559 ν,
303 3481 346 3546 79
371 3503 444 3568 sqq:

160 3619 227 3692 καὶ
252 3630 304 3715 τῷ
328 3615 531 3712 νήδυμος
556 3621 677 3703 ὕπνος
703 3617 765 3690 ἐπὶ
790 3616 1050 3715 βλεφάροισιν
1074 3611 1223 3696 itamar

161 3736 341 3828 νήγρετος
366 3725 538 3820 ήδιςος,
566 3732 727 3825 θανάτῳ
753 3729 905 3825 άγχιςα
932 3732 1128 3815 σεσοικώς.

171 3887 289 3954 Editur
311 3890 359 3955 ibi
381 3889 476 3955 hodie
498 3893 536 3953 ut
560 3887 672 3952 esteris
696 3887 774 3952 loeis
799 3892 912 3954 eontra
936 3890 1082 3955 eodieum
1103 3892 1278 3958 auotorita-

125 4001 190 4064 tem
213 3989 371 4086 ήδυμος,
394 4000 471 4065 lieet
495 3999 538 4064 sit
561 4021 612 4064 me
645 3997 750 4063 iudice
774 4000 953 4065 meridiana
975 4001 1047 4067 luae
1067 4001 1184 4067 elarius
1208 4003 1276 4069 eius

123 4113 285 4177 auctorem
307 4111 354 4176 ita
378 4133 491 4192 canere
514 4132 581 4175 non
604 4109 756 4196 potuisse,
770 4110 887 4197 quippe
907 4111 964 4198 qui
976 4111 1118 4178 inversu
1129 4115 1276 4200 sequenti

125 4243 272 4287 somnum
296 4212 433 4306 ήδιςον
456 4221 628 4288 vocaverit.

171 4332 247 4397 Alia
279 4331 461 4412 difficultas,
499 4355 583 4419 quae
619 4331 820 4418 praeteriisse
852 4330 980 4396 videtur
1014 4333 1167 4412 eruditos,
1197 4334 1276 4400 haee

124 4447 173 4509 est
204 4444 290 4532 qnod
321 4443 424 4509 forma
460 4435 631 4532 νήδυμος
663 4447 775 4531 peeoat
806 4446 917 4508 eontra
953 4443 1138 4528 analogiam
1162 4444 1276 4514 Graeci

122 4557 287 4620 sermonis.
313 4554 437 4643 Quippe
462 4557 589 4621 nullum
614 4557 807 4624 adieetivum
825 4556 904 4641 (non
922 4555 1273 4642 oompositum)termi·
