3054 5312
651 312 665 397 λ
691 311 709 374 ⁷
737 313 750 396 )

170 493 272 562 Simili
295 497 375 562 viiio
402 499 526 564 laborat
549 499 638 564 loeus
662 499 707 580 Z,
736 500 816 564 123:

171 659 233 738 τίς
257 651 298 730 δὲ
324 656 371 728 ού
398 657 493 740 ἐσσι,
516 663 652 753 φέριςε,
675 663 932 744 καταθνητῶν
955 661 1202 748 ανθρώποιν,·

172 767 219 838 ου’
239 771 310 857 μὲν
333 773 407 864 γάρ
430 775 514 840 ποτ’
538 770 670 842 ὄπωπα
692 770 820 864 μάχῃ
843 765 911 840 ε”νι
934 763 1164 874 κυδιανείρῃ,

117 936 172 1000 ubi
197 939 409 1005 neceesarium
431 939 552 1006 iudico:

123 1097 168 1167 ού
190 1098 269 1187 μὲν
291 1099 365 1194 γάρ
389 1099 474 1170 ποτ’
499 1099 632 1171 ὄπωπα
657 1105 785 1198 μάχῃ
810 1106 843 1174 0²
869 1100 938 1178 ἔνι
964 1100 1195 1197 κυδιανείρῃ.

162 1266 247 1348 Quia
283 1268 320 1334 de
355 1267 478 1336 omisso
506 1271 694 1356 pronomine
723 1273 759 1338 in
782 1273 910 1340 scholiis
934 1275 1057 1352 siletur,
1081 1275 1265 1340 nostrorum

118 1384 262 1448 oodioum
285 1405 422 1450 errorem
446 1407 513 1450 esse
537 1385 723 1452 crediderim
756 1383 841 1456 ΘΝΙ
864 1411 922 1478 pro
947 1383 1066 1456 ΟΘΝΙ.

162 1567 194 1632 Ε
220 1569 302 1633 353:

143 1733 219 1818 τὴν
244 1727 326 1813 μὲν
351 1729 418 1823 ἄρ’
441 1726 554 1820 ’Ἰρις
579 1729 718 1802 ἑλοῦσα
743 1727 960 1824 ποδήνεμος
978 1726 1245 1824 ἔξαγ’ὁμίλοο.

163 1881 244 1956 Quia
268 1882 394 1944 oonstai
417 1877 503 1944 Deae
520 1902 637 1944 nomen
648 1878 798 1946 habuisse
810 1882 971 1968 digamma
984 1880 1070 1968 (vide
1081 1903 1111 1946 v.
1126 1901 1152 1944 ο.
1169 1879 1263 1964 368),

125 1995 327 2086 apparatam
350 1991 421 2079 μέν
445 1995 502 2054 aut
525 1987 602 2080 ἄρα
627 2013 694 2056 esse
717 1993 903 2058 insiticium.
930 1993 1027 2079 Optio
1050 2014 1117 2057 non
1141 1987 1263 2056 es'tdif-

128 2104 223 2169 fieilis.
246 2102 454 2169 Scribendum
477 2103 577 2167 enim:

372 2247 450 2333 τὴν
474 2245 561 2340 ἄρα
592 2248 721 2340 Ρῖρις
745 2244 882 2317 ἑλοῦσα
905 2245 979 2317 κτὲ.

162 2395 245 2472 Quid
270 2419 355 2478 vero,
373 2397 491 2463 dixerit
502 2399 673 2484 quispiam,
685 2397 783 2463 facies
795 2399 831 2463 in
842 2399 913 2483 ipsa
924 2397 1043 2463 vicinia
1055 2418 1116 2460 vss.
1133 2396 1200 2462 364
1213 2417 1259 2481 sq.

121 2532 197 2622 ἧδ’
211 2541 351 2628 (Venus)
373 2538 414 2620 ἐς
439 2531 580 2634 δίφρον
604 2536 767 2630 ἔβαινεν
791 2539 1010 2633 α’κηχεμένη
1034 2537 1151 2628 φίλον
1175 2525 1263 2632 ἧτορ

119 2677 202 2745 παρ
225 2644 279 2721 δέ
304 2675 378 2721 τοι
402 2648 516 2745 ’Ἰρις
541 2649 702 2739 ἔβαινε
727 2651 795 2721 καὶ
818 2653 910 2737 ἡνία
934 2649 1066 2737 λάζετο
1090 2651 1262 2744 χερσινῖ

158 2800 362 2866 Emendandi
384 2802 470 2866 viam
493 2801 719 2866 monstrabunt
742 2801 776 2866 hi
799 2801 877 2868 looi:

114 2964 149 3030 Λ
172 2966 256 3032 511:
283 2961 400 3058 ἄγρει,
427 2971 507 3034 οὼν
531 2962 660 3054 ὀχέων
676 2956 867 3051 ἐπιβήσεο,
885 2987 971 3056 παρ
988 2955 1033 3032 δὲ
1051 2964 1261 3053 Μαχάων

114 3072 312 3163 βαινέτω
335 3073 410 3144 κτὲ.

9 3207 10 3214 ¹
115 3228 145 3288 ei
167 3246 245 3288 mox
269 3224 388 3289 ibidem
413 3224 525 3310 (517):

163 3369 307 3440 adraim
333 3373 415 3441 τῶν
439 3366 809 3462 ὀχέωνέἰτεβῄοετο,
836 3393 921 3461 παρ
945 3362 989 3436 δε
1014 3365 1224 3456 Μαχάων

158 3478 289 3570 βαῖν’
315 3477 393 3550 κτλ.

112 3649 144 3710 et
166 3665 265 3731 supra
288 3645 401 3733 (103):

565 3786 587 3857 ὁ
615 3786 690 3875 μὲν
715 3787 839 3870 νόθος
863 3787 1050 3886 ἡνιόχεοε,

342 3896 564 3990 ’Ἄντιφος
589 3889 644 3970 αὖ
669 3904 927 3993 παρέβασκε
951 3895 1025 3969 κτὲ.

159 4067 252 4133 Unde
275 4072 408 4153 apparet
430 4070 466 4133 in
488 4070 608 4135 talibus
631 4069 722 4134 nullo
745 4089 825 4153 opus
848 4089 915 4132 esse
931 4067 1127 4153 pronomine.
1155 4065 1259 4140 Quare

9 4219 10 4230 ι
114 4179 349 4265 corrigendum:

366 4346 451 4417 παρ
475 4317 526 4394 δι’
539 4348 582 4394 τε
609 4324 736 4417 Ρῖρις
761 4319 922 4412 ἔβαινε
944 4315 1021 4389 κτλ.

161 4487 294 4556 Omnem
322 4495 432 4557 tamen
467 4492 620 4560 leniorem
652 4493 807 4558 medelam
829 4492 985 4575 respuimi
1008 4487 1071 4552 looi
1094 4484 1132 4552 Λ
1157 4487 1199 4550 27
1225 4487 1260 4550 at

118 4597 155 4668 Ψ
180 4602 254 4672 198.
