3054 5312
767 261 890 349 (76)

302 446 423 534 Hymn.
448 449 484 512 in
508 446 653 513 Cererem
679 448 759 518 175:

313 575 463 647 ἅλλοντ’
487 573 537 646 ἂν
560 574 729 664 λειμῶνα
753 576 1024 670 κορεσσάμενοι
1050 575 1172 667 φρένα
1197 571 1356 668 φορβῇ.

300 710 380 775 Inde
403 711 489 796 quod
513 713 598 774 reete
622 709 741 774 dieitur
764 710 920 800 κορέσαι
945 705 1036 777 τινα
1060 730 1151 785 τινι,
1164 730 1231 772 non
1243 708 1397 793 sequitur,

253 826 291 887 ut
313 822 437 907 opinor,
463 821 596 887 verbum
627 822 767 886 medium
798 823 911 885 satiare
942 823 1026 886 reete
1052 819 1206 904 coniungi
1227 841 1300 884 oum
1323 841 1397 884 easu

253 933 358 998 tertio.
397 931 510 1018 Neque
534 932 620 998 enim
644 932 763 1023 φρένα
788 933 819 996 h.
846 933 867 997 1.
894 936 943 998 est
967 932 1085 997 obiecti
1109 932 1320 1011 aoeusaffivnr,
1345 934 1399 998 sed

253 1045 430 1123 relationis,
465 1044 516 1109 oui
553 1042 747 1108 Accusativo
771 1043 892 1109 Graeco
916 1066 1034 1109 nomen
1057 1046 1106 1108 est
1129 1044 1214 1128 apud
1238 1064 1398 1129 gramma·

250 1157 342 1221 tieos.
377 1155 494 1221 Prooul
522 1155 619 1221 dubio
644 1156 881 1242 oorrigendum:
909 1151 1095 1247 φορβῆς,
1121 1159 1158 1220 ut
1180 1155 1300 1240 legitur
1323 1178 1353 1221 v.
1369 1178 1394 1221 o.
1509 1181 1510 1210 2

254 1265 313 1332 Od.
341 1267 371 1333 θ
395 1267 455 1332 98:

442 1387 605 1474 δαιτὸς
627 1396 865 1487 κεκορήμεθα
893 1390 1052 1486 θυμὸν
1068 1390 1181 1477 ἐΐσης.

252 1524 322 1602 Qno
346 1526 416 1590 looo
440 1525 571 1589 videant
593 1525 672 1608 quid
695 1525 819 1590 feeiant
842 1526 882 1606 ei,
907 1526 965 1611 qui
981 1525 1398 1592 Vossiumeandememon·

254 1638 417 1703 dationem
458 1640 690 1723 proponentem
729 1640 928 1704 contendunt
966 1639 1050 1703 male
1087 1637 1215 1702 cessisse
1250 1640 1396 1724 exemplo

252 1751 395 1816 looorum
414 1748 675 1815 'Homerieorum
714 1751 748 1815 Δ
784 1751 848 1815 561
888 1755 920 1816 et
951 1771 974 1817 κ
1004 1749 1081 1815 411.
1114 1749 1188 1814 Vid.
1219 1748 1396 1818 Baumeist.
1509 1741 1510 1744 ¹

253 1863 295 1927 ad
317 1862 350 1926 h.
364 1863 386 1926 l.

299 1990 440 2058 Confusa
464 1995 552 2070 sunt,
573 1993 611 2054 nt
634 1990 817 2073 saepissime
841 1992 932 2072 alibi,
956 1993 1022 2057 iote
1046 1994 1079 2056 et
1103 1990 1206 2075 sigma
1230 1990 1338 2056 finale.

284 2246 422 2313 ‘Ibidem
446 2248 528 2314 279:

370 2365 565 2449 §ardet
589 2360 629 2436 δὲ
656 2365 798 2456 κόμαι
822 2368 1081 2452 κατενήνοθεν
1105 2364 1243 2453 ὤμους.

298 2496 346 2563 De
371 2498 529 2563 schemate
553 2496 723 2563 Pindarico
747 2497 833 2582 quod
856 2496 975 2561 dieitur
994 2496 1391 2583 videquaefestiveserip

250 2609 293 2673 sit
317 2606 455 2674 Cobetus
479 2609 514 2672 in
539 2609 798 2674 adnotationibus
823 2609 862 2673 ad
886 2609 973 2673 buno
996 2609 1102 2694 ipsum
1124 2609 1282 2694 hymnum
1302 2609 1390 2674 Mne·

251 2742 329 2785 mos.
368 2742 395 2785 a.
434 2721 519 2784 1861
554 2741 628 2806 pag.
655 2721 732 2785 331.
771 2719 841 2784 Iam
864 2719 1095 2785 Ruhnkenium
1118 2721 1210 2786 uideo
1234 2721 1393 2786 monuisse

251 2833 283 2896 h.
309 2833 331 2896 l.
358 2831 581 2917 corrigendum
612 2853 693 2896 esse:
732 2828 878 2913 ξανθή
904 2821 945 2897 δὲ
970 2828 1095 2919 κόμη,
1118 2832 1174 2896 sed
1196 2831 1331 2897 frustra:
1354 2833 1393 2896 ad

251 2944 338 3008 huno
372 2965 472 3028 usque
508 2943 592 3008 diem
627 2942 662 3006 in
697 2943 846 3007 omnibus
882 2942 1076 3009 editionibus
1100 2944 1257 3028 repetitur
1279 2945 1392 3008 insana

251 3055 418 3141 scriptura.

297 3302 421 3368 Ibidem
446 3301 512 3367 349
538 3295 740 3392 ἐξαγαγεῖν
767 3296 1044 3390 Ἐρέβευσφι.

296 3444 437 3510 Tandem
461 3442 651 3507 removenda
674 3447 723 3506 est
734 3443 836 3507 forma
849 3443 944 3527 plane
957 3443 1093 3510 barbara
1105 3449 1194 3525 nata,
1208 3449 1244 3510 ut
1256 3447 1389 3523 videtur,

251 3581 268 3624 e
304 3556 516 3642 superscripto
552 3553 742 3639 glossemate
775 3549 993 3645 Ἐρέβευς.
1030 3556 1153 3622 Eadem
1176 3580 1242 3622 non
1266 3557 1389 3623 eliade

250 3691 345 3736 eausa
368 3672 443 3733 ante
466 3658 648 3732 Bekkerum
671 3665 863 3752 deturpabat
886 3667 992 3732 locum
1015 3667 1125 3734 Iliadis
1149 3671 1180 3748 I,
1206 3669 1271 3734 572
1298 3691 1345 3754 sq.

298 3780 509 3845 Dooendusne
552 3780 601 3840 est
642 3777 814 3864 quisquam
857 3783 978 3845 certam
1013 3782 1196 3868 analogiam
1225 3780 1391 3869 postulare

252 3885 501 3984 Ἐρέβεσφι,
524 3891 562 3953 ut
586 3884 740 3976 ὄχεσφι,
766 3895 888 3958 uetera?
924 3891 1104 3978 Argutatur
1128 3894 1177 3957 ad.
1203 3893 1235 3958 h.
1260 3894 1282 3958 l.
1308 3893 1392 3958 Bau·

252 4005 427 4072 meisterus.

298 4265 423 4330 Ibidem
447 4263 529 4330 364:
690 4333 692 4340 ,

320 4429 321 4432 ,
774 4344 935 4424 ἔνθαδ’
961 4347 1075 4422 ἐοῦσα

297 4463 561 4547 δεσπόσσεις
585 4466 739 4538 πάντων
765 4463 889 4534 ὁπόσα
914 4463 1000 4549 ζώει
1026 4487 1063 4532 τε
1087 4461 1156 4533 καὶ
1179 4465 1290 4554 ἕρπει,

296 4579 415 4672 τιμας
438 4571 484 4648 δὲ
509 4578 749 4670 σχήσησθα
773 4575 849 4663 μετ’
872 4571 1118 4646 ἀθανάτοισι·
1142 4577 1318 4669 μεγόςας.
