3054 5312
633 287 754 373 (43)

122 475 159 538 in
182 475 300 554 oeulos,
325 476 379 540 sed
403 475 541 539 alterum
564 496 602 539 ex
628 476 728 540 altero
751 476 908 540 imitando
924 495 1116 561 expressum,
1129 475 1176 538 ita
1191 494 1264 538 vero

122 591 161 650 ut
195 588 328 652 dubium
359 609 426 652 esse
456 590 605 670 nequeat,
641 589 721 674 quin
744 589 832 653 loeus
855 611 895 652 ex
918 589 1001 652 libro
1025 588 1139 674 quinto
1162 586 1266 650 faetus

121 699 167 762 sit
191 700 231 763 ad
256 701 436 785 exemplum
458 698 654 784 posterioris,
685 700 780 787 idque
805 701 882 764 adeo
906 701 1023 784 inepte,
1048 703 1085 763 ut
1110 698 1267 782 Odysseae

27 855 29 860 ,
122 813 247 876 auctori
283 811 351 876 sine
376 811 592 876 controversia
618 811 660 875 sit
684 812 923 877 abiudieandus.
965 811 1087 875 Iterum
1108 815 1268 897 poetaster

120 923 240 1008 supino
276 923 436 987 scribendi
469 943 584 1007 genere
620 945 653 986 se
685 922 827 1008 prodidit
861 922 896 986 in
931 945 1080 1008 responso
1113 921 1267 1008 Calypsus

120 1057 169 1101 vs.
199 1035 280 1100 190:

142 1181 214 1249 καὶ
239 1178 312 1273 γάρ
336 1173 425 1269 ἐμοὶ
449 1179 541 1258 νόος
565 1177 650 1264 ε’ςὶν
673 1179 892 1267 ἐναίσιμος,
919 1173 1012 1249 ου’δέ
1031 1204 1101 1267 μοι
1125 1181 1234 1271 αὐτῇ

145 1289 278 1380 θυμὸς
304 1289 364 1360 ἐνὶ
389 1292 556 1377 ςήθεσσι
583 1283 769 1383 σιδήρεος,
794 1289 877 1359 ἀλλ’
902 1289 1063 1381 ελεὴμων

120 1442 180 1506 ubi
216 1437 309 1530 αὐτῇ
347 1443 451 1506 denuo
487 1443 575 1506 omni
610 1442 644 1505 vi
668 1446 764 1520 earet,
791 1438 958 1530 ἐλεήμων
980 1466 1055 1509 vero
1080 1444 1158 1508 alibi
1183 1445 1281 1538 apud·

120 1553 299 1617 Homerum
331 1575 397 1617 non
429 1553 595 1638 reperitur.
636 1551 878 1618 Sacramentum
903 1557 1010 1618 autem
1034 1553 1189 1640 Calypsus
1212 1578 1269 1641 per

123 1665 256 1750 Stygem
281 1688 296 1730 ε
323 1665 388 1728 184
413 1686 498 1752 sqq.:

172 1811 244 1894 ι”ςω
268 1812 340 1879 νῦν
365 1803 450 1877 τόδε
475 1818 571 1903 γαῖα
595 1809 664 1878 καὶ
691 1808 856 1901 οὐρανὸς
878 1808 985 1902 εὐρὺς
1008 1811 1169 1903 desudes

170 1917 238 1990 κοιί
260 1923 305 1990 τὸ
328 1918 611 2010 κατειβόμενον
636 1921 792 2012 Στυγὸς
815 1915 928 2013 ὕδωρ,
952 1919 1035 2003 ὅςεε
1057 1922 1220 2014 μέγιςος

175 2030 286 2124 ὅρκος
311 2024 563 2111 ὃεεινότοινός
589 2057 626 2099 τε
641 2030 756 2119 μέλει
776 2031 994 2124 μακάρεσσι
1020 2035 1173 2103 θεοῖσιν

128 2181 257 2245 totidem
280 2182 386 2245 verbis
410 2181 529 2266 legitur
552 2182 587 2244 in
611 2181 712 2245 Iliade
739 2174 781 2259 O,
808 2183 954 2245 36-38.
993 2230 1003 2243 ,

170 2295 251 2358 Tam
274 2294 426 2379 gravibus
450 2294 551 2378 igitur
576 2295 757 2378 compulsus
780 2295 960 2358 rationibus
992 2298 1099 2358 statuo
1122 2316 1161 2358 ex
1185 2294 1268 2357 libro

124 2406 237 2492 quinto
276 2383 433 2489 Odysseae
468 2410 518 2470 ut.
542 2406 665 2491 spurios
701 2406 913 2471 eliminandos
949 2406 1015 2470 esse
1050 2427 1159 2470 versus
1195 2404 1268 2483 XX,

127 2516 321 2595 171-191,
346 2517 386 2580 ad
411 2539 490 2603 quos
515 2518 748 2603 componendos
776 2519 983 2602 impostorem
1006 2519 1142 2582 movisse
1166 2519 1270 2602 suspi-

123 2649 176 2692 oor
212 2627 451 2711 cogitationem,
489 2629 586 2692 nimis
617 2628 830 2712 periculosum
861 2629 963 2693 videri
986 2629 1048 2694 iter
1071 2629 1270 2694 maritimum

122 2735 181 2807 ἐπὶ
207 2729 378 2826 σχεδίης,
403 2741 437 2802 io
461 2751 528 2804 rate
552 2739 681 2803 seilicet.
708 2737 754 2802 At
778 2761 844 2803 non
869 2741 946 2803 satis
964 2741 1103 2803 attendit
1128 2741 1167 2802 ad
1192 2741 1271 2804 arti-

123 2849 357 2916 ficiosissimam
380 2850 459 2914 ratis
483 2851 737 2928 fabricationem,
762 2851 866 2935 qualis
888 2851 1077 2915 describitur
1088 2852 1123 2914 in
1136 2874 1270 2938 sequen-

121 2960 209 3024 tibus
233 2982 296 3024 vss.
324 2961 519 3038 234-261,
556 2961 641 3023 unde
665 2965 797 3046 apparet
820 2961 876 3024 isti
900 2962 963 3024 rati
988 2963 1028 3024 ad
1051 2963 1154 3026 iustae
1178 2964 1270 3028 navis

121 3069 260 3134 formam
284 3074 316 3134 et
339 3071 596 3154 magnitudinem
619 3092 733 3154 parum
758 3074 814 3133 aut
839 3071 920 3133 nihil
945 3071 1090 3135 defuisse.

171 3181 245 3246 Etsi
269 3185 376 3244 autem
401 3186 527 3246 constat
550 3182 811 3266 interpolatorem
834 3182 899 3245 iarn
922 3183 1037 3266 legisse
1060 3183 1136 3246 libri
1160 3183 1190 3250 X
1222 3208 1268 3251 vs.

126 3294 195 3358 344
220 3294 267 3358 sio
291 3294 459 3378 seriptum:

160 3419 212 3509 μή
237 3417 278 3484 τί
299 3437 369 3508 μοι
395 3417 499 3511 αὐτῷ
525 3426 632 3507 πῆμα
655 3416 777 3488 κοινὸν
801 3415 1107 3510 βουλευσέμεν
1131 3420 1224 3492 ἄλλο

123 3549 335 3614 nihilominus
372 3554 495 3614 eertum
527 3553 665 3615 arbitror
680 3573 761 3615 eum
784 3574 911 3616 versum
935 3553 1007 3616 vitii
1030 3576 1096 3618 non
1120 3577 1186 3619 esse
1210 3556 1272 3620 im-

124 3682 267 3737 munem,
304 3659 332 3722 si
366 3661 495 3747 quidem
530 3661 660 3744 Ulysses
694 3662 874 3746 suspicatur
899 3660 1011 3728 Circen
1035 3686 1071 3728 eo
1094 3665 1162 3749 ipso
1187 3668 1272 3754 quod

126 3793 159 3836 se
195 3771 231 3835 in
267 3771 385 3834 leetum
410 3795 503 3836 suum
525 3773 648 3857 pellicit
672 3774 793 3836 malum
817 3774 946 3861 aliquod
970 3777 1075 3840 moliri
1097 3777 1132 3841 in
1155 3778 1271 3864 ipsum.

128 3881 215 3966 Ergo
241 3904 320 3966 opus
344 3887 402 3960 est,
428 3887 464 3946 ut
488 3883 571 3947 iuret
595 3904 628 3947 se
665 3884 768 3946 nullas
794 3884 900 3947 animo
925 3888 1045 3970 opilare
1069 3889 1148 3972 (non
1172 3891 1273 3974 opita-

129 4007 234 4082 tarssem
259 3996 333 4080 esse)
358 3995 501 4072 insidiae,
527 3995 637 4080 itaque
661 3975 859 4058 sacramento
885 3995 1034 4061 affirmet:

165 4123 218 4206 μή
244 4121 289 4187 τί
310 4125 407 4209 (μοι)
433 4121 536 4210 dorp>
561 4132 667 4209 πῆμα
693 4119 814 4191 κακὸν
838 4119 1109 4210 βουλευέμεν
1134 4124 1235 4194 οιλλο.

175 4257 268 4322 Nihil
291 4281 366 4327 vero
387 4261 532 4344 cogitans
544 4260 754 4344 interpolator
764 4259 915 4324 vitiosam
927 4261 1117 4345 scripturam
1129 4263 1273 4342 retinuit,

133 4390 191 4433 nee
226 4371 326 4435 sensit
361 4394 459 4457 quam
494 4374 577 4437 male
613 4373 672 4438 hoe
696 4372 919 4435 iusiurandum
943 4374 1112 4438 conveniat
1136 4374 1274 4438 orationi

11 4501 12 4508 ¹
133 4479 256 4564 Ulyssis
280 4505 306 4560 s,
334 4483 413 4546 175:

159 4604 248 4676 οιλλο
275 4635 312 4675 ιι
337 4600 382 4695 δὴ
411 4607 466 4685 σύ,
493 4611 576 4689 θεοὶ,
603 4603 689 4678 τόδε
711 4603 874 4698 μήδεαι
899 4603 991 4678 οὐδέ
1012 4635 1052 4676 τι
1076 4613 1241 4701 πομπήν.
